Title,Price,Package Sizing,Category,Store
"Bananas, Bunch",1.75,$1.52/1kg $0.69/1lb,fruit,Superstore
Strawberries 1LB,4.99,"454 g, $1.10/100g",fruit,Superstore
Red Cherries,5.77,$6.48/1kg $2.94/1lb,fruit,Superstore
Red Seedless Watermelon,4.94,"1 ea, $4.94/1ea",fruit,Superstore
Blueberries 1 pint,4.99,"340 g, $1.47/100g",fruit,Superstore
Strawberries 2LB,8.99,"907 g, $0.99/100g",fruit,Superstore
"Avocados Bag, 5-Pack",6.99,"1 ea, $1.40/1ea",fruit,Superstore
Lemon,0.99,"1 ea, $0.99/1ea",fruit,Superstore
Extra Large Green Seedless Grapes,11.89,$11.66/1kg $5.29/1lb,fruit,Superstore
Raspberries 1/2 pint,4.99,"170 g, $2.94/100g",fruit,Superstore
Limes,0.99,"1 ea, $0.99/1ea",fruit,Superstore
Extra Large Red Seedless Grapes,11.54,$11.66/1kg $5.29/1lb,fruit,Superstore
"Organic Bananas, Bunch",2.16,$1.96/1kg $0.89/1lb,fruit,Superstore
Bartlett Pears,0.91,$4.34/1kg $1.97/1lb,fruit,Superstore
Avocado,1.99,"1 ea, $1.99/1ea",fruit,Superstore
Pineapple,4.99,"1 ea, $4.99/1ea",fruit,Superstore
Royal Gala Apples,1.38,$6.59/1kg $2.99/1lb,fruit,Superstore
Mango,1.99,"1 ea, $1.99/1ea",fruit,Superstore
Blueberries,5.98,"510 g, $1.57/100g",fruit,Superstore
Honeycrisp Apples,2.01,$8.36/1kg $3.79/1lb,fruit,Superstore
Navel Orange,1.54,$4.39/1kg $1.99/1lb,fruit,Superstore
Cantaloupe,4.99,"1 ea, $4.99/1ea",fruit,Superstore
Blackberries 1/2 Pint,4.99,"170 g, $2.94/100g",fruit,Superstore
Raspberry Pint ,8.99,"340 g, $2.64/100g",fruit,Superstore
Ontario Greenhouse-Grown Strawberries ,5.99,"340 g, $1.76/100g",fruit,Superstore
Granny Smith Apples,1.32,$6.59/1kg $2.99/1lb,fruit,Superstore
Mandarin Oranges,8.99,"1.36 kg, $0.66/100g",fruit,Superstore
Green Seedless Grapes,5.98,"907 g, $0.88/100g",fruit,Superstore
Ataulfo Mango,1.47,"1 ea, $1.47/1ea",fruit,Superstore
Apple Cosmic Crisp (5lb Bag),6.88,"2.27 ea, $6.88/1ea",fruit,Superstore
Yellow Peaches,1.32,$6.59/1kg $2.99/1lb,fruit,Superstore
Blueberries,8.99,"277 g, $3.25/100g",fruit,Superstore
Peaches ,7.99,"3 l, $0.27/100ml",fruit,Superstore
Kiwis,1.29,"1 ea, $1.29/1ea",fruit,Superstore
Red Seedless Grapes,8.00,"907 g, $0.88/100g",fruit,Superstore
"Naturally Imperfect Avocados, 3 lb Bag",8.00,"1.36 kg, $0.59/100g",fruit,Superstore
"Plantains, Single",1.08,$3.28/1kg $1.49/1lb,fruit,Superstore
Naturally Imperfect Limes,5.00,"907 g, $0.55/100g",fruit,Superstore
Blackberries 1 pint,7.99,"340 g, $2.35/100g",fruit,Superstore
Ambrosia Apples,1.45,$6.59/1kg $2.99/1lb,fruit,Superstore
Mini Seedless Watermelon,4.49,"1 ea, $4.49/1ea",fruit,Superstore
Papaya,5.38,$4.14/1kg $1.88/1lb,fruit,Superstore
Black Plums,0.88,$8.80/1kg $3.99/1lb,fruit,Superstore
"Naturally Imperfect Lemons, 4 lb Bag",7.00,"1.85 kg, $0.38/100g",fruit,Superstore
Black Figs,8.99,"340 g, $2.64/100g",fruit,Superstore
Atemoya,4.99,"1 ea, $4.99/1ea",fruit,Superstore
Pink Guava,7.00,"1 ea, $7.00/1ea",fruit,Superstore
Fresh Kiwi Fruit,5.99,"600 g, $1.00/100g",fruit,Superstore
Red Pummelos,5.77,"1 ea, $5.77/1ea",fruit,Superstore
Fresh Kiwi Fruit,5.99,"600 g, $1.00/100g",fruit,Superstore
"Ambrosia Apples, 5 lb Bag",9.99,"2.27 kg, $0.44/100g",fruit,Superstore
Organic Raspberries 1/2 pint,5.99,"170 g, $3.52/100g",fruit,Superstore
"Red Delicious Apples, 5 lb bag",9.99,"5 lb, $0.44/100g",fruit,Superstore
Red Seedless Grapes,9.99,"907 g, $1.10/100g",fruit,Superstore
Forelle Pears,1.45,$6.59/1kg $2.99/1lb,fruit,Superstore
Apricots,0.92,$13.21/1kg $5.99/1lb,fruit,Superstore
"Granny Smith Apples, 3 lb Bag",8.99,"1.36 kg, $0.66/100g",fruit,Superstore
White Peaches,1.98,$13.21/1kg $5.99/1lb,fruit,Superstore
"Red Grapefruit, 3 lb Bag",6.99,"1.36 kg, $0.51/100g",fruit,Superstore
Mandarin Halo,8.99,"1362 g, $0.66/100g",fruit,Superstore
"Avocados, Bag",6.99,"3 pack, $2.33/1ea",fruit,Superstore
Clementine Stem & Leaf,1.15,$11.00/1kg $4.99/1lb,fruit,Superstore
Nectarine,8.99,"907 g, $0.99/100g",fruit,Superstore
Plum ,8.00,"907 g, $0.88/100g",fruit,Superstore
Solo Papaya,6.99,"1 ea, $6.99/1ea",fruit,Superstore
Hami Melons,16.03,$5.49/1kg $2.49/1lb,fruit,Superstore
Baby Mango,2.99,"1 ea, $2.99/1ea",fruit,Superstore
Fuji Apple Gift Box,16.88,"1 ea, $16.88/1ea",fruit,Superstore
D'Anjou Pears,1.58,$6.59/1kg $2.99/1lb,fruit,Superstore
Purple Passion Fruit,6.00,"1 ea, $6.00/1ea",fruit,Superstore
Pomegranate,2.99,"1 ea, $2.99/1ea",fruit,Superstore
"Organic Fuji Apples, 3 lb Bag",8.99,"1.36 kg, $0.66/100g",fruit,Superstore
Honeydew Melon,6.99,"1 ea, $6.99/1ea",fruit,Superstore
"McIntosh Apples, 5 lb Bag",9.99,"2.27 kg, $0.44/100g",fruit,Superstore
Peach,8.99,"907 g, $0.99/100g",fruit,Superstore
Black Mission Figs,4.99,"227 g, $2.20/100g",fruit,Superstore
Black Figs,1.49,"1 ea, $1.49/1ea",fruit,Superstore
Cactus Pears 12X4ct ,1.98,"4x1.0 ea, $0.50/1ea",fruit,Superstore
Flavour Burst Sungold Golden Kiwi,6.99,"454 g, $1.54/100g",fruit,Superstore
Santa Claus Melons,10.44,$5.49/1kg $2.49/1lb,fruit,Superstore
"Gala Apples, 3 lb Bag",6.99,"1.36 kg, $0.51/100g",fruit,Superstore
Fresh Coconut Young,3.99,"1 ea, $3.99/1ea",fruit,Superstore
"Organic Bartlett Pears, 3 lb Bag",8.00,"1.36 kg, $0.59/100g",fruit,Superstore
Jazz Apples,1.38,$6.59/1kg $2.99/1lb,fruit,Superstore
"Mango Ataulfo, case",9.99,"1 ea, $9.99/1ea",fruit,Superstore
Mango Red 3Ct,5.49,"3 ea, $1.83/1ea",fruit,Superstore
Yellow Pitahaya,5.00,"1 ea, $5.00/1ea",fruit,Superstore
Naturally Imperfect Pears,9.00,"2.87 kg, $0.31/100g",fruit,Superstore
"Pink Lady Apples, 5 lb Bag",9.99,"2.27 kg, $0.44/100g",fruit,Superstore
Red Delicious Apples,1.38,$6.59/1kg $2.99/1lb,fruit,Superstore
Organic Kiwi,4.00,"454 g, $0.88/100g",fruit,Superstore
"Organic Lemons, 2 lb bag",5.99,"907 g, $0.66/100g",fruit,Superstore
Nectarine,8.00,"2 l, $0.40/100ml",fruit,Superstore
"Organic Lime, 1 lb Bag",4.99,"454 g, $1.10/100g",fruit,Superstore
"Navel Oranges Cara Cara, 3 lb Bag",7.99,"1.36 kg, $0.59/100g",fruit,Superstore
Black Seedless Grapes,15.97,$11.66/1kg $5.29/1lb,fruit,Superstore
"Barlett Pears, 5 lb Bag",9.99,"2270 g, $0.44/100g",fruit,Superstore
Organic Honeycrisp Apples,2.49,$9.90/1kg $4.49/1lb,fruit,Superstore
Yellow Asian Pears,2.11,$6.59/1kg $2.99/1lb,fruit,Superstore
Black Seedless Grapes,9.99,"907 g, $1.10/100g",fruit,Superstore
Green Figs,1.29,"1 ea, $1.29/1ea",fruit,Superstore
"Pink Lady Apples, 5 lb Bag",9.99,"2.27 kg, $0.44/100g",fruit,Superstore
Red Delicious Apples,1.38,$6.59/1kg $2.99/1lb,fruit,Superstore
Organic Kiwi,4.00,"454 g, $0.88/100g",fruit,Superstore
"Organic Lemons, 2 lb bag",5.99,"907 g, $0.66/100g",fruit,Superstore
Caribbean Avocado,4.99,"1 ea, $4.99/1ea",fruit,Superstore
Brown Pears Gift Box (Case),24.99,"5 kg, $0.50/100g",fruit,Superstore
Apple Cosmic Crisp,1.85,$7.69/1kg,fruit,Superstore
Dragon Fruit,2.88,"1 ea, $2.88/1ea",fruit,Superstore
Spartan Apples,1.38,$6.59/1kg $2.99/1lb,fruit,Superstore
Green Seedless Grapes,9.99,"907 g, $1.10/100g",fruit,Superstore
Fuji Apples,1.58,$6.59/1kg $2.99/1lb,fruit,Superstore
Granny Smith Apples,9.99,"2.27 kg, $0.44/100g",fruit,Superstore
Mandarin Oranges,1.50,$8.80/1kg $3.99/1lb,fruit,Superstore
Gala Apples,1.69,$7.69/1kg $3.49/1lb,fruit,Superstore
Mangosteen,6.00,"1 ea, $6.00/1ea",fruit,Superstore
Fuji Apples,9.99,"2.268 kg, $0.44/100g",fruit,Superstore
Blood Oranges,6.99,"907 g, $0.77/100g",fruit,Superstore
Plumcots,7.74,$8.80/1kg $3.99/1lb,fruit,Superstore
Bosc Pears,1.45,$6.59/1kg $2.99/1lb,fruit,Superstore
Large Organic Pineapple,6.99,"1 ea, $6.99/1ea",fruit,Superstore
"Lemons, 3 lb bag",6.99,"1.36 kg, $0.51/100g",fruit,Superstore
White Flesh Nectarine,1.59,$13.21/1kg $5.99/1lb,fruit,Superstore
Naturally Imperfect Apples 8lb Bag,9.99,"3.6 kg, $0.28/100g",fruit,Superstore
"Mango, Sweet",3.41,$8.75/1kg $3.97/1lb,fruit,Superstore
Prickly Pears,1.29,"1 ea, $1.29/1ea",fruit,Superstore
Guava,4.99,"650 g, $0.77/100g",fruit,Superstore
"Spartan Apples, 5 lb Bag",9.99,"2.27 kg, $0.44/100g",fruit,Superstore
Organic Blackberries,6.99,"170 g, $4.11/100g",fruit,Superstore
Pink Lady Apples,1.38,$6.59/1kg $2.99/1lb,fruit,Superstore
"Cotton Candy Grapes, Bunch",13.47,$13.21/1kg $5.99/1lb,fruit,Superstore
Pineapple Honeyglow,6.99,"1 ea, $6.99/1ea",fruit,Superstore
Organic Strawberries 1 LB,5.99,"454 g, $1.32/100g",fruit,Superstore
Yellow Nectarines,1.23,$8.80/1kg $3.99/1lb,fruit,Superstore
Red Seeded Watermelon,13.99,"1 ea, $13.99/1ea",fruit,Superstore
Navel Oranges,8.99,"2.27 kg, $0.40/100g",fruit,Superstore
Lychee,4.99,"227 g, $2.20/100g",fruit,Superstore
Coconuts,2.98,"1 ea, $2.98/1ea",fruit,Superstore
Granadillas,6.00,"1 ea, $6.00/1ea",fruit,Superstore
Canary Melon,5.44,$2.49/1lb,fruit,Superstore
Plums,7.99,"907 g, $7.99/1ea",fruit,Superstore
"Durian, Frozen",22.00,$11.00/1kg $4.99/1lb,fruit,Superstore
English Cucumber,2.29,"1 ea, $2.29/1ea",vegetable,Superstore
Tomato On The Vine Red (1 Bunch),5.46,$7.69/1kg $3.49/1lb,vegetable,Superstore
Green Onion,1.49,"1 bunch, $1.49/1ea",vegetable,Superstore
Asparagus,6.49,$11.00/1kg $4.99/1lb,vegetable,Superstore
Tomato Beefsteak  Red,1.18,$4.39/1kg $1.99/1lb,vegetable,Superstore
"Yellow Onions, 3 lb Bag",3.99,"1.36 kg, $0.29/100g",vegetable,Superstore
"Romaine Heart, 3 Pack",5.99,"3 pack, $2.00/1ea",vegetable,Superstore
Lettuce Iceberg,3.99,"1 ea, $3.99/1ea",vegetable,Superstore
Celery Stalks,3.29,"1 ea, $3.29/1ea",vegetable,Superstore
Red Onion,2.44,$6.59/1kg $2.99/1lb,vegetable,Superstore
"Russet Potatoes, 10 lb Bag",7.99,"4.54 kg, $0.18/100g",vegetable,Superstore
Grape Tomatoes,3.49,"283 g, $1.23/100g",vegetable,Superstore
"Bi-Colour Corn, Corn on the Cob",0.90,"1 ea, $0.90/1ea",vegetable,Superstore
Red Peppers    ,2.64,$11.00/1kg $4.99/1lb,vegetable,Superstore
English Cucumber 3Ct    ,5.99,"3 pack, $2.00/1ea",vegetable,Superstore
Sweet Baby Peppers (4-Pack),6.99,"1 ea, $1.75/1ea",vegetable,Superstore
Broccoli Crowns,2.92,$7.69/1kg $3.49/1lb,vegetable,Superstore
Cauliflower,4.99,"1 ea, $4.99/1ea",vegetable,Superstore
Ginger,1.38,$6.59/1kg $2.99/1lb,vegetable,Superstore
Sweet Green Peppers,1.60,$6.55/1kg $2.97/1lb,vegetable,Superstore
Roma Tomatoes,0.66,$5.49/1kg $2.49/1lb,vegetable,Superstore
Mini Cucumbers,3.99,"6 pack, $0.67/1ea",vegetable,Superstore
Zucchini,2.15,$7.69/1kg $3.49/1lb,vegetable,Superstore
"Garlic Bulbs, 3-count",0.99,"90 g, $0.33/1ea",vegetable,Superstore
Broccoli,3.49,"1 ea, $3.49/1ea",vegetable,Superstore
Naturally Imperfect Mixed Sweet Peppers 2.5lb Bag,7.00,"1.113 kg, $0.63/100g",vegetable,Superstore
Sweet Onion,3.03,$6.59/1kg $2.99/1lb,vegetable,Superstore
Sweet Potato,3.46,$5.49/1kg $2.49/1lb,vegetable,Superstore
Sweet Corn,5.99,"4 pack, $1.50/1ea",vegetable,Superstore
Grape Tomato 907G    ,5.99,"908 g, $0.66/100g",vegetable,Superstore
"Mini Carrots, 2 lb",4.99,"907 g, $0.55/100g",vegetable,Superstore
Whole White Mushrooms,4.99,"454 g, $1.10/100g",vegetable,Superstore
Colossal Garlic,1.21,$12.10/1kg $5.49/1lb,vegetable,Superstore
Mini Cucumbers,5.88,"15x1.0 ea, $0.39/1ea",vegetable,Superstore
"Red Field Peppers, 4-Pack",4.99,"1 ea, $1.25/1ea",vegetable,Superstore
Romaine Lettuce,3.79,"1 ea, $3.79/1ea",vegetable,Superstore
"Cabbage, Green",4.40,$2.62/1kg $1.19/1lb,vegetable,Superstore
Green Leaf Lettuce,2.99,"1 ea, $2.99/1ea",vegetable,Superstore
Yellow Mini Potatoes,4.99,"0.68 kg, $0.73/100g",vegetable,Superstore
Radishes,1.99,"1 bunch, $1.99/1ea",vegetable,Superstore
"Carrots, 2 lb bag",3.49,"907 g, $0.38/100g",vegetable,Superstore
White Mushrooms,3.49,"227 g, $1.54/100g",vegetable,Superstore
White Onion,2.03,$5.49/1kg $2.49/1lb,vegetable,Superstore
"Greenhouse Peppers, Orange",2.64,$11.00/1kg $4.99/1lb,vegetable,Superstore
Curry Leaves,5.73,$44.07/1kg $20.00/1lb,vegetable,Superstore
Garlic Stem,7.91,$12.96/1kg $5.88/1lb,vegetable,Superstore
Belgian Endive,1.32,$8.80/1kg $3.99/1lb,vegetable,Superstore
Taiwanese Flat Cabbage,2.44,$2.16/1kg $0.98/1lb,vegetable,Superstore
Cameo Tomato On Vine,6.99,"340 g, $2.06/100g",vegetable,Superstore
Jalapeno Peppers,0.55,$11.00/1kg $4.99/1lb,vegetable,Superstore
Brown Mushrooms,5.50,"680 g, $0.81/100g",vegetable,Superstore
Chinese Bitter Melons,1.94,$8.80/1kg $3.99/1lb,vegetable,Superstore
Mixiany Tomato 454G,6.99,"454 g, $1.54/100g",vegetable,Superstore
"Red Beets, Bunched",4.99,"1 bunch, $4.99/1ea",vegetable,Superstore
Yu Choy Sum,5.90,$8.80/1kg $3.99/1lb,vegetable,Superstore
Chinese Long Beans (Bodie),0.55,$1.10/100g $11.00/1kg,vegetable,Superstore
Yellow Zucchini,1.78,$6.59/1kg $2.99/1lb,vegetable,Superstore
Tomato On The Vine Red (1 Bunch),6.34,$8.80/1kg $3.99/1lb,vegetable,Superstore
Sliced White Mushrooms,5.49,"454 g, $1.21/100g",vegetable,Superstore
Baby Boo Halloween Pumpkins,4.00,"6x1.0 ea, $0.67/1ea",vegetable,Superstore
Kabocha Squash,11.25,$5.49/1kg $2.49/1lb,vegetable,Superstore
Tindora,6.26,$15.41/1kg $6.99/1lb,vegetable,Superstore
"Mini Halloween Pumpkins, 6 Pack",4.00,"1 ea, $0.34/100g",vegetable,Superstore
Lemongrass,1.49,"1 ea, $1.49/1ea",vegetable,Superstore
Stuffer White Mushrooms,4.99,"6 pack, $1.56/100g",vegetable,Superstore
Mixed Little Gems,4.99,"0.68 kg, $0.73/100g",vegetable,Superstore
Peeled Garlic cloves,4.99,"454 g, $1.10/100g",vegetable,Superstore
Organic Beet Bunch,5.49,"699 g, $0.79/100g",vegetable,Superstore
LoBok (Daikon Radish),2.67,$2.84/1kg $1.29/1lb,vegetable,Superstore
"Carrots, 5 lb bag",6.99,"2.268 kg, $0.31/100g",vegetable,Superstore
"Organic Sweet Potatoes, 3 lb Bag",9.99,"1.36 kg, $0.73/100g",vegetable,Superstore
Roma Tomatoes,5.99,"1 ea, $0.44/100g",vegetable,Superstore
"Red Potatoes, 10 lb Bag",8.99,"4.54 kg, $0.20/100g",vegetable,Superstore
Whole Cremini Mushrooms,4.99,"454 g, $1.10/100g",vegetable,Superstore
Karela,0.86,$6.59/1kg $2.99/1lb,vegetable,Superstore
Chinese Broccoli (gai lan),5.37,$8.80/1kg $3.99/1lb,vegetable,Superstore
Celery Hearts,4.99,"2 pack, $2.50/1ea",vegetable,Superstore
French Beans,3.99,"400 g, $1.00/100g",vegetable,Superstore
Organic Cucumber Mini,5.99,"342 g, $1.00/1ea",vegetable,Superstore
Organic Butternut Squash,9.36,$6.59/1kg $2.99/1lb,vegetable,Superstore
Jamaican Sweet Potatoes,4.84,$12.10/1kg $5.49/1lb,vegetable,Superstore
Romaine Hearts,9.99,"6 pack, $1.67/1ea",vegetable,Superstore
Don Qua,7.06,$6.59/1kg $2.99/1lb,vegetable,Superstore
Organic Garlic,3.99,"115 g, $3.47/100g",vegetable,Superstore
Baby Bok Choy Jr,4.25,$6.35/1kg $2.88/1lb,vegetable,Superstore
Green Beans,0.44,$0.88/100g $8.80/1kg,vegetable,Superstore
"Naturally Imperfect Red Potatoes, 20 lb bag",10.00,"9.072 kg, $0.11/100g",vegetable,Superstore
Organic Cauliflower,6.49,"1 ea, $6.49/1ea",vegetable,Superstore
Portobello Mushroom Caps,5.99,"4 pack, $2.85/100g",vegetable,Superstore
Yu Choy,3.68,$6.35/1kg $2.88/1lb,vegetable,Superstore
Whole Cremini Mushrooms,4.00,"454 g, $0.88/100g",vegetable,Superstore
"Live Lettuce Trio, 2-pack",5.99,"1 ea, $5.99/1ea",vegetable,Superstore
Thai Eggplant,4.66,$8.80/1kg $3.99/1lb,vegetable,Superstore
"Live Lettuce Green, 2-pack",5.99,"1 ea, $5.99/1ea",vegetable,Superstore
Organics Portobello Mushroom Caps,7.00,"240 g, $2.92/100g",vegetable,Superstore
Gai Lan Jr.,3.02,$6.35/1kg $2.88/1lb,vegetable,Superstore
Whole White Mushrooms,4.00,"454 g, $0.88/100g",vegetable,Superstore
Sugar Snap Peas  ,8.88,"0.68 kg, $1.31/100g",vegetable,Superstore
Organics Whole Oyster Mushrooms,5.00,"100 g, $5.00/100g",vegetable,Superstore
"Chinese Carrots, Jumbo",1.60,$2.16/1kg $0.98/1lb,vegetable,Superstore
Villagio Marzano Tomatoes,8.00,"681 g, $11.75/1kg $0.53/1lb",vegetable,Superstore
Sliced White Mushrooms,2.99,"200 g, $1.50/100g",vegetable,Superstore
Snap Peas,4.99,"227 g, $2.20/100g",vegetable,Superstore
Rhubarb,4.99,"1 ea, $4.99/1ea",vegetable,Superstore
Brussels Sprout Bag,7.99,"907 g, $0.88/100g",vegetable,Superstore
Baby Bok Choy,3.62,$5.49/1kg $2.49/1lb,vegetable,Superstore
French Bean,8.29,"680 g, $1.22/100g",vegetable,Superstore
Chinese Okra,0.99,$6.59/1kg $2.99/1lb,vegetable,Superstore
Live Lettuce Boston,4.00,"1 ea, $4.00/1ea",vegetable,Superstore
Butternut Squash,8.84,$5.49/1kg $2.49/1lb,vegetable,Superstore
"Organic Russet Potatoes, 3 lb bag",5.99,"1.36 kg, $0.44/100g",vegetable,Superstore
"Chanterelle Mushrooms, Dried",5.99,"14 g, $42.79/100g",vegetable,Superstore
Campari Tomatoes 2lb,8.00,"908 g, $0.88/100g",vegetable,Superstore
"Yellow Potato, 10 lb Bag",8.99,"4.54 kg, $0.20/100g",vegetable,Superstore
Green Thai Hot Peppers,5.00,"75 g, $6.67/100g",vegetable,Superstore
"Red Onions, 3 lb Bag",6.99,"1.36 kg, $0.51/100g",vegetable,Superstore
Organic Green Cabbage,10.38,$5.93/1kg $2.69/1lb,vegetable,Superstore
Cauliflower Florets,4.18,$11.00/1kg $4.99/1lb,vegetable,Superstore
"Carrots, Bunched",3.49,"1 bunch, $3.49/1ea",vegetable,Superstore
Spaghetti Squash,6.92,$5.49/1kg $2.49/1lb,vegetable,Superstore
"Organic Yellow Potatoes, 3 lb Bag",5.99,"3 lb bag, $0.44/100g",vegetable,Superstore
Whole White Mushrooms,6.99,"680 g, $1.03/100g",vegetable,Superstore
"Beets, 5 lb bag",5.99,"2.268 kg, $0.26/100g",vegetable,Superstore
Whole White Mushrooms,2.99,"200 g, $1.50/100g",vegetable,Superstore
Thai Green Chili Peppers,1.54,$22.02/1kg $9.99/1lb,vegetable,Superstore
Radicchio Lettuce,3.41,$11.00/1kg $4.99/1lb,vegetable,Superstore
Hot Finger Peppers,0.21,$17.62/1kg $7.99/1lb,vegetable,Superstore
Organics Whole Cremini Mushrooms,3.49,"227 g, $1.54/100g",vegetable,Superstore
Romaine Lettuce Hearts,7.99,"3 ea, $2.66/1ea",vegetable,Superstore
Peppers,5.00,"2 pack, $2.50/1ea",vegetable,Superstore
Jicama,4.70,$4.39/1kg $1.99/1lb,vegetable,Superstore
Purple Eggplants,3.13,$5.49/1kg $2.49/1lb,vegetable,Superstore
Anaheim Hot Peppers,5.00,"170 g, $2.94/100g",vegetable,Superstore
Rutabaga,3.12,$2.84/1kg $1.29/1lb,vegetable,Superstore
Serrano Hot Peppers,5.00,"113 g, $4.42/100g",vegetable,Superstore
Red Fresno Hot Peppers,5.00,"113 g, $4.42/100g",vegetable,Superstore
Japanese Yams,4.17,$4.39/1kg $1.99/1lb,vegetable,Superstore
Jamaican Pumpkin,9.89,$6.59/1kg $2.99/1lb,vegetable,Superstore
"Greenhouse Peppers, Yellow",2.53,$11.00/1kg $4.99/1lb,vegetable,Superstore
Drumstick,1.99,"1 ea, $1.99/1ea",vegetable,Superstore
Whole Oyster Mushrooms,3.99,"100 g, $3.99/100g",vegetable,Superstore
Turmeric,4.32,$30.84/1kg $13.99/1lb,vegetable,Superstore
"Live Lettuce Red, 1-count",3.99,"350 g, $3.99/1ea",vegetable,Superstore
Field Cucumbers,2.49,"1 ea, $2.49/1ea",vegetable,Superstore
Whole Cremini Mushrooms,2.99,"200 g, $1.50/100g",vegetable,Superstore
Oven BBQ Ready Onion Chive Potatoes,2.99,"454 g, $0.66/100g",vegetable,Superstore
Field Cucumbers,2.49,"1 ea, $2.49/1ea",vegetable,Superstore
"Live Lettuce Red, 1-count",3.99,"350 g, $3.99/1ea",vegetable,Superstore
Sher-Li Hon,3.44,$6.59/1kg $2.99/1lb,vegetable,Superstore
Baby Eggplants (1 pack),4.62,$11.00/1kg $4.99/1lb,vegetable,Superstore
Oven BBQ Ready Garlic Herb Potatoes,2.99,"454 g, $0.66/100g",vegetable,Superstore
"Spinach, Bunched",2.49,"1 ea, $2.49/1ea",vegetable,Superstore
Indian Eggplant,0.55,$5.49/1kg $2.49/1lb,vegetable,Superstore
Shallots,7.49,"750 g, $1.00/100g",vegetable,Superstore
"White Potatoes, 5 lb Bag",6.99,"2.268 kg, $0.31/100g",vegetable,Superstore
Ruby & Golden Little Gems Potatoes,6.99,"1.36 kg, $0.51/100g",vegetable,Superstore
"Russet Potatoes, 5 lb Bag",5.99,"2.268 kg, $0.26/100g",vegetable,Superstore
Fuzzy Squash,5.89,$6.59/1kg $2.99/1lb,vegetable,Superstore
Lotus Root,3.30,$6.59/1kg $2.99/1lb,vegetable,Superstore
Turnips,2.09,$5.49/1kg $2.49/1lb,vegetable,Superstore
Leeks,5.99,"1 bunch, $5.99/1ea",vegetable,Superstore
Carrots,0.57,$4.39/1kg $1.99/1lb,vegetable,Superstore
Sliced Cremini Mushrooms,5.49,"454 g, $1.21/100g",vegetable,Superstore
"Red Potatoes, 5 lb Bag",6.99,"2.268 kg, $0.31/100g",vegetable,Superstore
Tomato Field Basket,4.98,"3 l, $0.17/100ml",vegetable,Superstore
Snow Peas,2.88,"200 g, $1.44/100g",vegetable,Superstore
Tomatillo,3.99,"340 g, $1.17/100g",vegetable,Superstore
White Shimeji Mushrooms,3.00,"150 g, $2.00/100g",vegetable,Superstore
Live Lettuce Green,4.00,"350 g, $4.00/1ea",vegetable,Superstore
"Morel Mushrooms, Dried",9.99,"14 g, $71.36/100g",vegetable,Superstore
Broccolini,3.99,"1 bunch, $3.99/1ea",vegetable,Superstore
Yellow Yams,5.50,$11.00/1kg $4.99/1lb,vegetable,Superstore
Mixed Peppers (6 Pack),9.99,"6x1.0 ea, $1.67/1ea",vegetable,Superstore
Bean Sprouts    ,1.98,"340 g, $0.58/100g",vegetable,Superstore
Mini Carrots 1lb,3.69,"454 g, $0.81/100g",vegetable,Superstore
White Sweet Potato,2.97,$5.93/1kg $2.69/1lb,vegetable,Superstore
Brown Shimeji Mushrooms,3.00,"150 g, $2.00/100g",vegetable,Superstore
Yellow Potatoes,1.78,$5.93/1kg $2.69/1lb,vegetable,Superstore
Salted Duck Eggs,3.49,"1 ea, $0.92/100g",vegetable,Superstore
Hot Pepper Jalapeno,5.00,"224 g, $2.23/100g",vegetable,Superstore
Jamaican Aloe,3.14,$5.93/1kg $2.69/1lb,vegetable,Superstore
Live Lettuce Tri Mix - 1 Unit,4.00,"350 g, $4.00/1ea",vegetable,Superstore
Green Peppers,4.99,"1 ea, $1.25/1ea",vegetable,Superstore
"Organic English Cucumber, Pack of 2",6.00,"1 ea, $3.00/1ea",vegetable,Superstore
"Yellow Onions, 10 lb bag",10.99,"4.54 kg, $0.24/100g",vegetable,Superstore
Kohlrabi,3.77,$7.69/1kg $3.49/1lb,vegetable,Superstore
Organic Green Onions,2.29,"1 bunch, $2.29/1ea",vegetable,Superstore
Brussels Sprouts,1.10,$11.00/1kg $4.99/1lb,vegetable,Superstore
Fenugreek,2.49,"1 bunch, $2.49/1ea",vegetable,Superstore
Opo Squash,3.18,$5.05/1kg $2.29/1lb,vegetable,Superstore
"Decorative Corn, pack of 3",4.00,"1 ea, $4.00/1ea",vegetable,Superstore
Mini Carrots 1lb,3.69,"454 g, $0.81/100g",vegetable,Superstore
Mini Cucumbers ,2.47,"454 g, $1.10/100g",vegetable,Superstore
Microwave Ready Lemon and Garden Herb Potatoes,2.99,"454 g, $0.66/100g",vegetable,Superstore
Microwave Ready Garlic Parsley Potatoes,2.99,"454 g, $0.66/100g",vegetable,Superstore
Baby Napa (Suey Choy),3.99,"545 g, $0.73/100g",vegetable,Superstore
Baby Napa,7.69,$7.69/1kg,vegetable,Superstore
Gobo Root,2.49,$3.95/1kg $1.79/1lb,vegetable,Superstore
Red Beets,0.83,$4.39/1kg $1.99/1lb,vegetable,Superstore
"Fresh Creamer Potatoes Roasted Garlic, Rosemary & Thyme",2.99,"454 g, $0.66/100g",vegetable,Superstore
Axiany Cherry Tomatoes,4.00,"0.225 kg, $1.78/100g",vegetable,Superstore
Snow Peas,4.99,"170 g, $2.94/100g",vegetable,Superstore
Fennel,2.99,"1 ea, $2.99/1ea",vegetable,Superstore
Kale,2.99,"1 bunch, $2.99/1ea",vegetable,Superstore
Cremini Mushrooms,0.33,$1.10/100g $11.00/1kg,vegetable,Superstore
Naturally Imperfect White Mushrooms,5.50,"680 g, $0.81/100g",vegetable,Superstore
Paradise Crunch Super Sweet Mini Peppers,4.99,"450 g, $1.11/100g",vegetable,Superstore
Shanghai Bok Choy,3.51,$5.49/1kg $2.49/1lb,vegetable,Superstore
Rapini,4.99,"1 bunch, $4.99/1ea",vegetable,Superstore
Celery Hearts,5.49,"1 ea, $2.75/1ea",vegetable,Superstore
"Organic Red Onions, 2 lb bag",4.99,"907 g, $0.55/100g",vegetable,Superstore
Organics Portobello Mushroom Caps,4.99,"2 pack, $2.94/100g",vegetable,Superstore
"Organic Red Potatoes, 3 lb Bag",5.99,"1.36 kg, $0.44/100g",vegetable,Superstore
Organic Spaghetti Squash,11.80,$6.59/1kg $2.99/1lb,vegetable,Superstore
Organics Whole Shitake Mushrooms,4.99,"100 g, $4.99/100g",vegetable,Superstore
Red Potatoes,1.54,$5.93/1kg $2.69/1lb,vegetable,Superstore
Broccoli,5.49,"1 ea, $5.49/1ea",vegetable,Superstore
Ginger,3.99,"160 g, $2.49/100g",vegetable,Superstore
Organic Iceberg Lettuce,4.29,"1 ea, $4.29/1ea",vegetable,Superstore
Red Thai Hot Peppers,5.00,"75 g, $6.67/100g",vegetable,Superstore
"Artichokes, Large",2.99,"1 ea, $2.99/1ea",vegetable,Superstore
Organic Leeks,6.99,"1 bunch, $6.99/1ea",vegetable,Superstore
Radish,3.49,"454 g, $0.77/100g",vegetable,Superstore
"Tiger Halloween Pumpkins, 3 Pack",6.00,"1 ea, $6.00/1ea",vegetable,Superstore
Variety Pack Tomatoes,8.00,"680 g, $1.17/100g",vegetable,Superstore
Sour Cabbage Head,11.74,$6.59/1kg $2.99/1lb,vegetable,Superstore
Dried Porcini Mushrooms    ,5.99,"14 g, $42.79/100g",vegetable,Superstore
"Greenhouse Tomatoes on the Vine, 4lb box",6.00,"1.814 kg, $0.33/100g",vegetable,Superstore
Green House Beefsteak Tomatoes ,4.00,"454 g, $0.88/100g",vegetable,Superstore
"Peppers, Mini",5.99,"454 g, $1.32/100g",vegetable,Superstore
Poblano Hot Peppers,5.00,"226 g, $2.21/100g",vegetable,Superstore
Red Leaf Lettuce,2.99,"1 ea, $2.99/1ea",vegetable,Superstore
White Mushrooms,0.33,$1.10/100g $11.00/1kg,vegetable,Superstore
Acorn Squash,4.61,$5.49/1kg $2.49/1lb,vegetable,Superstore
Asparagus,6.99,"340 g, $2.06/100g",vegetable,Superstore
Axiany Cherry Tomatoes,8.00,"681 g, $1.17/100g",vegetable,Superstore
Fingerling Potatoes,4.99,"680 g, $0.73/100g",vegetable,Superstore
Organic Carrots Bunched,3.99,"1 bunch, $3.99/1ea",vegetable,Superstore
Snap Peas,2.88,"200 g, $1.44/100g",vegetable,Superstore
Caribbean Sweet Potatoes,1.70,$5.49/1kg $2.49/1lb,vegetable,Superstore
Savoy Cabbage,4.28,$4.39/1kg,vegetable,Superstore
Microwave Ready Savoury Herb Potatoes,2.99,"454 g, $0.66/100g",vegetable,Superstore
Long Eggplants (1Pack),19.15,$13.21/1kg $5.99/1lb,vegetable,Superstore
Peeled Garlic,5.83,$11.00/1kg $4.99/1lb,vegetable,Superstore
Organics Sliced Cremini Mushrooms,4.00,"227 g, $1.76/100g",vegetable,Superstore
Red Cabbage,5.25,$3.95/1kg $1.79/1lb,vegetable,Superstore
Organics Sliced Portobello Mushrooms,4.99,"170 g, $2.94/100g",vegetable,Superstore
Fresh Creamer Potatoes Smoked Salt,2.99,"454 g, $0.66/100g",vegetable,Superstore
Potato Baking Tray,4.99,"1 ea, $4.99/1ea",vegetable,Superstore
Red Swiss Chard,4.99,"1 bunch, $4.99/1ea",vegetable,Superstore
Okra (1 pack),6.92,$16.47/1kg $7.47/1lb,vegetable,Superstore
Buttercup Squash,8.38,$5.49/1kg $2.49/1lb,vegetable,Superstore
"Sweet Potatoes, 5 lb bag",9.99,"2.27 kg, $0.44/100g",vegetable,Superstore
Mixed Dried Mushrooms,5.99,"14 g, $42.79/100g",vegetable,Superstore
Ruby Little Gems Potatoes,4.99,"0.68 kg, $0.73/100g",vegetable,Superstore
White Yams,6.05,$12.10/1kg $5.49/1lb,vegetable,Superstore
Green Swiss Chard,4.99,"1 bunch, $4.99/1ea",vegetable,Superstore
Organic Green Kale,3.49,"1 bunch, $3.49/1ea",vegetable,Superstore
Jalapeno Hot Peppers,5.00,"226 g, $2.21/100g",vegetable,Superstore
Chinese Napa Cabbage,3.16,$2.82/1kg $1.28/1lb,vegetable,Superstore
"Parsnips, 1 lb Bag",4.99,"1 lb bag, $1.10/100g",vegetable,Superstore
Organic Grape Tomatoes,3.99,"280 g, $1.43/100g",vegetable,Superstore
"Hot Peppers, Long",2.64,$13.21/1kg $5.99/1lb,vegetable,Superstore
Chayote Squash,1.29,"1 ea, $1.29/1ea",vegetable,Superstore
Shanghai Bok Choy Jr.,3.81,$6.35/1kg $2.88/1lb,vegetable,Superstore
"Yellow Potatoes, 5 lb Bag",6.99,"2.268 kg, $0.31/100g",vegetable,Superstore
Okra,0.88,$8.80/1kg $3.99/1lb,vegetable,Superstore
"Halloween Gourds, Package of 7",4.00,"7x1.0 ea, $0.57/1ea",vegetable,Superstore
White Potatoes,2.13,$5.93/1kg $2.69/1lb,vegetable,Superstore
Long Eggplants,1.37,$5.49/1kg $2.49/1lb,vegetable,Superstore
"Naturally Imperfect Russet Potatoes, 20 lb Bag",10.00,"9.07 kg, $0.00/1ea",vegetable,Superstore
Cassava,2.99,$4.39/1kg $1.99/1lb,vegetable,Superstore
"Taro Root, Medium",8.96,$6.59/1kg $2.99/1lb,vegetable,Superstore
Eddoes,0.99,$6.59/1kg $2.99/1lb,vegetable,Superstore
"Organic Carrots, 2 lb Bag",3.99,"907 g, $0.44/100g",vegetable,Superstore
Baking Russet Potato,1.89,$4.39/1kg $1.99/1lb,vegetable,Superstore
Naturally Imperfect Cucumbers 5lb Bag,9.00,"2.27 kg, $0.40/100g",vegetable,Superstore
"Red Onions, 10 lb Bag",13.99,"4.54 kg, $0.31/100g",vegetable,Superstore
Garlic Bulbs,6.50,"1 kg, $0.65/100g",vegetable,Superstore
Grey Zucchini,1.32,$5.49/1kg $2.49/1lb,vegetable,Superstore
"Sweet Onions, 3 lb Bag",6.99,"1.36 kg, $0.51/100g",vegetable,Superstore
Avalantino Tomato,5.00,"454 g, $1.10/100g",vegetable,Superstore
Yellow Caribe Hot Peppers,5.00,"226 g, $1.88/100g",vegetable,Superstore
"Mushroom White, Sliced",4.00,"227 g, $1.76/100g",vegetable,Superstore
Watercress,1.50,"1 bunch, $3.29/1ea",vegetable,Superstore
Salted Butter,4.99,"454 g, $1.32/100g",butter and spreads,Superstore
Salted Butter ,8.49,"454 g, $1.87/100g",butter and spreads,Superstore
Margarine Spread,1.88,"427 g, $0.77/100g",butter and spreads,Superstore
Unsalted Butter,5.99,"454 g, $1.32/100g",butter and spreads,Superstore
Margarine Original,6.99,"850 g, $0.82/100g",butter and spreads,Superstore
Margarine with Olive Oil,6.99,"850 g, $0.82/100g",butter and spreads,Superstore
Margarine Original,3.77,"427 g, $1.29/100g",butter and spreads,Superstore
Unsalted Butter ,8.49,"454 g, $1.87/100g",butter and spreads,Superstore
Country Churned Unsalted Butter ,8.29,"454 g, $1.83/100g",butter and spreads,Superstore
Country Churned Salted Butter,8.29,"454 g, $1.83/100g",butter and spreads,Superstore
"Salted Butter Sticks, 4 units",8.00,"4x113.0 g, $1.77/100g",butter and spreads,Superstore
Margarine Club Pack,8.49,"1.275 kg, $0.67/100g",butter and spreads,Superstore
Margarine Vegan,6.99,"850 g, $0.82/100g",butter and spreads,Superstore
Margarine with Olive Oil,3.77,"427 g, $1.29/100g",butter and spreads,Superstore
Blue Menu Margarine with Olive Oil,5.29,"907 g, $0.58/100g",butter and spreads,Superstore
"My Country Unsalted Butter Sticks, 4 units ",8.00,"4x113.5 g, $1.76/100g",butter and spreads,Superstore
Spreadables Butter With Canola Oil,5.99,"227 g, $2.64/100g",butter and spreads,Superstore
Margarine with Avocado Oil,6.99,"850 g, $0.82/100g",butter and spreads,Superstore
Garlic & Provençal Herb Butter ,4.19,"125 g, $3.35/100g",butter and spreads,Superstore
55% Vegetable Oil Margarine ,3.77,"637 g, $1.10/100g",butter and spreads,Superstore
Creamery Butter,6.99,"454 g, $1.54/100g",butter and spreads,Superstore
Margarine Vegan,3.77,"427 g, $1.29/100g",butter and spreads,Superstore
Calorie-Reduced Margarine Light,6.99,"850 g, $0.82/100g",butter and spreads,Superstore
Blue Menu Original Margarine,5.29,"907 g, $0.58/100g",butter and spreads,Superstore
Margarine Quarters Value Size,9.49,"1.36 kg, $0.70/100g",butter and spreads,Superstore
Margarine with Avocado Oil,3.77,"427 g, $1.29/100g",butter and spreads,Superstore
Buttery Taste Margarine,6.99,"637 g, $1.10/100g",butter and spreads,Superstore
Creamery Butter Unsalted,6.99,"454 g, $1.54/100g",butter and spreads,Superstore
Margarine Unsalted Plant-Based Sticks,5.49,"454 g, $1.21/100g",butter and spreads,Superstore
"Salted Butter Sticks with Sea Salt, 4 units",8.00,"454 g, $1.76/100g",butter and spreads,Superstore
Organics Salted Butter Churned,6.49,"250 g, $2.60/100g",butter and spreads,Superstore
Margarine Salted Plant-Based Sticks,5.49,"454 g, $1.21/100g",butter and spreads,Superstore
Plant Based Butter Alternative Salted,4.79,"454 g, $1.06/100g",butter and spreads,Superstore
Organics Unsalted Butter Churned,6.49,"250 g, $2.60/100g",butter and spreads,Superstore
Margarine,5.49,"907 g, $0.61/100g",butter and spreads,Superstore
"Original Margarine Square Spread, 12 units",9.49,"1.36 kg, $0.70/100g",butter and spreads,Superstore
Soy Free Buttery Spread    ,6.99,"425 g, $1.64/100g",butter and spreads,Superstore
Grass Fed Salted Butter,7.99,"250 g, $3.20/100g",butter and spreads,Superstore
Margarine Original,16.79,"1.7 kg, $0.99/100g",butter and spreads,Superstore
Margarine,7.99,"1.36 kg, $0.59/100g",butter and spreads,Superstore
Margarine,14.49,"3 kg, $0.48/100g",butter and spreads,Superstore
Mirage Margarine,7.49,"907 g, $0.83/100g",butter and spreads,Superstore
Margarine Salt Free,6.99,"850 g, $0.82/100g",butter and spreads,Superstore
Whipped Butter,4.99,"250 g, $2.40/100g",butter and spreads,Superstore
"Organic Spread, Rich & Creamy  ",5.79,"368 g, $1.57/100g",butter and spreads,Superstore
Plant Based Butter Alternative Unsalted,4.79,"454 g, $1.06/100g",butter and spreads,Superstore
Lactose Free Butter Unsalted,8.79,"454 g, $1.94/100g",butter and spreads,Superstore
Original Spread,6.99,"850 g, $0.82/100g",butter and spreads,Superstore
Vegetable Oil Margarine,9.99,"1.28 kg, $0.78/100g",butter and spreads,Superstore
Lactose Free Butter Unsalted,8.79,"454 g, $1.94/100g",butter and spreads,Superstore
Original Spread,6.99,"850 g, $0.82/100g",butter and spreads,Superstore
Plant Based Oils Spread Salted,7.49,"427 g, $1.75/100g",butter and spreads,Superstore
Soy Free Vegenaise,9.29,"473 ml, $1.96/100ml",butter and spreads,Superstore
Original Margarine,9.49,"1.81 kg, $0.52/100g",butter and spreads,Superstore
Original Spread,3.99,"427 g, $0.93/100g",butter and spreads,Superstore
Organic Dressing and Sandwich Spread,9.29,"473 ml, $1.96/100ml",butter and spreads,Superstore
Blue Menu Original Margarine,3.99,"454 g, $0.88/100g",butter and spreads,Superstore
"Plant Butter, Unsalted",5.99,"454 g, $1.32/100g",butter and spreads,Superstore
Original,7.79,"473 ml, $1.65/100ml",butter and spreads,Superstore
Lactose Free Salted Butter,6.99,"250 g, $2.80/100g",butter and spreads,Superstore
Margarine Squares,7.99,"1.36 kg, $0.59/100g",butter and spreads,Superstore
Original Buttery Spread,6.99,"425 g, $1.64/100g",butter and spreads,Superstore
Organic Whipped Spread,6.99,"369 g, $1.89/100g",butter and spreads,Superstore
Lactose Free Butter Salted,8.79,"454 g, $1.94/100g",butter and spreads,Superstore
"Plant Butter, Salted",5.99,"454 g, $1.32/100g",butter and spreads,Superstore
Buttery Taste Margarine,15.99,"1.275 kg, $1.25/100g",butter and spreads,Superstore
Grass Fed Unsalted Butter,8.49,"250 g, $3.40/100g",butter and spreads,Superstore
"Milk, 2%",5.55,"4 l, $0.14/100ml",milk and cream,Superstore
Lactose Free 2% Dairy Product,6.39,"2 l, $0.32/100ml",milk and cream,Superstore
Homogenized Milk,5.81,"4 l, $0.15/100ml",milk and cream,Superstore
Coffee Cream 10% MF,3.75,"946 ml, $0.40/100ml",milk and cream,Superstore
"French Vanilla Flavoured Coffee Creamer, 63 Servings",4.44,"946 ml, $0.63/100ml",milk and cream,Superstore
"Oat For Coffee, Vanilla, Plant Based, Dairy Free Coffee Creamer",5.49,"890 ml, $0.62/100ml",milk and cream,Superstore
Lactose Free 2% Partly Skimmed Ultrafiltered Milk,6.59,"1.5 l, $0.44/100ml",milk and cream,Superstore
Lactose Free 1% Dairy Product,6.39,"2 l, $0.32/100ml",milk and cream,Superstore
Chocolate Lactose Free 2% Partly Skimmed Ultrafiltered Milk,6.59,"1.5 l, $0.44/100ml",milk and cream,Superstore
1% Milk,5.55,"4 l, $0.14/100ml",milk and cream,Superstore
"Real Whipped Cream, Regular",4.79,"225 g, $2.13/100g",milk and cream,Superstore
"Hazelnut Flavoured Coffee Creamer, 63 Servings",4.44,"946 ml, $0.63/100ml",milk and cream,Superstore
"For Coffee, Hazelnut Flavour, Dairy Free Coffee Creamer",2.99,"473 ml, $0.63/100ml",milk and cream,Superstore
Lactose Free Skim Ultrafiltered Milk,6.59,"1.5 l, $0.44/100ml",milk and cream,Superstore
Milk Lactose Free 2% Partly Skimmed ,5.59,"2 l, $0.32/100ml",milk and cream,Superstore
Milk 1% Bottle,6.59,"1.5 l, $0.44/100ml",milk and cream,Superstore
2% Milk,2.83,"1 l, $0.28/100ml",milk and cream,Superstore
"Caramel Plant-Based Coffee Creamer, Limited Edition",2.99,"450 ml, $0.66/100ml",milk and cream,Superstore
"Caramel Macchiato Coffee Creamer,",4.44,"946 ml, $0.63/100ml",milk and cream,Superstore
Coffee Whitener,6.99,"1 kg, $0.70/100g",milk and cream,Superstore
Original Powder,12.99,"1.4 kg, $0.93/100g",milk and cream,Superstore
"Organic Milk, 2% Mf",9.95,"4 l, $0.25/100ml",milk and cream,Superstore
COFFEE-MATE Original Powder,5.79,"450 g, $1.44/100g",milk and cream,Superstore
Coffee Mate Liquid French Vanilla Value Size,9.29,"1.89 l, $0.49/100ml",milk and cream,Superstore
"Almond For Coffee, Vanilla, Plant Based, Dairy Free Coffee Creamer",2.99,"473 ml, $0.63/100ml",milk and cream,Superstore
Coffee Mate Liquid Hazelnut,6.49,"946 ml, $0.69/100ml",milk and cream,Superstore
Cream Lactose Free 10%,4.84,"1 l, $0.48/100ml",milk and cream,Superstore
"Chocolate Milk, 1% MF",6.65,"4 l, $0.17/100ml",milk and cream,Superstore
Dairy Protein Beverage 3.25% M.F.,7.37,"1.89 l, $0.39/100ml",milk and cream,Superstore
"Organic Homogenized Milk, 3.25%",7.12,"2 l, $0.36/100ml",milk and cream,Superstore
French Vanilla Milkshake,1.59,"310 ml, $0.51/100ml",milk and cream,Superstore
Chocolate Milkshake,1.59,"310 ml, $0.51/100ml",milk and cream,Superstore
"Coffee Creamer, Vanilla Dip Donut",7.49,"750 ml, $1.00/100ml",milk and cream,Superstore
2% Milk,2.21,"473 ml, $0.47/100ml",milk and cream,Superstore
Skim Milk,5.55,"4 l, $0.14/100ml",milk and cream,Superstore
Coffee Whitener,3.99,"450 g, $0.89/100g",milk and cream,Superstore
Coffee Mate Double Double-Mate Liquid Coffee Enhancer Value Size,9.29,"1.89 l, $0.49/100ml",milk and cream,Superstore
Nesquik Milkshake,2.69,"473 ml, $0.57/100ml",milk and cream,Superstore
Flavoured Milk,2.49,"473 ml, $0.53/100ml",milk and cream,Superstore
"Sport, Chocolate",2.39,"325 ml, $0.74/100ml",milk and cream,Superstore
Southern Butter Pecan Coffee Creamer,4.44,"946 ml, $0.63/100ml",milk and cream,Superstore
Caramel Macchiato Cold Foam,4.44,"396 g, $1.84/100g",milk and cream,Superstore
"Almond & Oat Non-Dairy Coffee Enchancer, Vanilla",7.99,"828 ml, $0.96/100ml",milk and cream,Superstore
Light Coffee Whitener,3.99,"450 g, $0.89/100g",milk and cream,Superstore
Barista Blend,5.79,"946 ml, $0.61/100ml",milk and cream,Superstore
Coffee Mate Coffee Enhancer Hazelnut Value Size,9.29,"1.89 l, $0.49/100ml",milk and cream,Superstore
Chocolate Milk 1% ,3.99,"1.89 l, $0.23/100ml",milk and cream,Superstore
Lactose Free Whipping Cream 35% ,4.88,"473 ml, $1.03/100ml",milk and cream,Superstore
Whipped Topping ,3.69,"225 g, $1.64/100g",milk and cream,Superstore
"Coffee Creamer, Double Double",7.49,"750 ml, $1.00/100ml",milk and cream,Superstore
Chocolate Milk Lactose Free,3.99,"1.89 l, $0.37/100ml",milk and cream,Superstore
Caramel Chocolate Milkshake,1.59,"310 ml, $0.51/100ml",milk and cream,Superstore
"Coffee Creamer, Chocolate Dip Donut",7.49,"750 ml, $1.00/100ml",milk and cream,Superstore
Coffee Mate Coffee Enhancer Hazelnut Value Size,9.29,"1.89 l, $0.49/100ml",milk and cream,Superstore
Chocolate Milk 1% ,3.99,"1.89 l, $0.23/100ml",milk and cream,Superstore
"Buttermilk, 1%",3.59,"946 ml, $0.38/100ml",milk and cream,Superstore
"Milk, 2%",4.77,"2 l, $0.24/100ml",milk and cream,Superstore
"Whipping Cream, 33%",3.22,"237 ml, $1.36/100ml",milk and cream,Superstore
"Half / Half, 10%",3.12,"473 ml, $0.66/100ml",milk and cream,Superstore
Whipping Cream 33% MF,6.30,"946 ml, $0.67/100ml",milk and cream,Superstore
1% Milk,2.83,"1 l, $0.28/100ml",milk and cream,Superstore
Natrel Plus 2% Lactose Free Enriched Milk,5.69,"2 l, $0.31/100ml",milk and cream,Superstore
"Soy For Coffee, Original Coffee Creamer",5.49,"890 ml, $0.62/100ml",milk and cream,Superstore
"Chocolate Milk, Reduced Sugar",2.49,"473 ml, $0.53/100ml",milk and cream,Superstore
French Vanilla Cold Foam,4.44,"396 g, $1.84/100g",milk and cream,Superstore
"Maple Latte Flavoured Coffee Creamer, 63 Servings",4.44,"946 ml, $0.63/100ml",milk and cream,Superstore
Ultrapūr 3.25% Homogenized,6.19,"1.5 l, $0.41/100ml",milk and cream,Superstore
"Dairy-Free Whipping Cream Alternative, Coconut based",5.49,"473 ml, $1.16/100ml",milk and cream,Superstore
Lactose Free Homogenized Milk,6.39,"2 l, $0.32/100ml",milk and cream,Superstore
Chocolate Partly Skimmed Milk 1% M.F. 6 x,5.00,"6x200.0 ml, $540.83/100ml",milk and cream,Superstore
PūrFiltre Milk 3.25% Homogenized,6.49,"2 l, $0.32/100ml",milk and cream,Superstore
"Sport, Vanilla",2.39,"325 ml, $0.74/100ml",milk and cream,Superstore
Reduced Sugar French Vanilla Coffee Creamer,4.44,"946 ml, $0.63/100ml",milk and cream,Superstore
Caramel Coffee Creamer,6.99,"1 l, $0.70/100ml",milk and cream,Superstore
Cinnamon Dolce Latte,7.99,"828 ml, $0.96/100ml",milk and cream,Superstore
"Coffee Enhancer, Vanilla",7.99,"930 g, $0.86/100g",milk and cream,Superstore
Milk Lactose Free 1% Partly Skimmed ,5.59,"2 l, $0.32/100ml",milk and cream,Superstore
Hazelnut Coffee Creamer,6.99,"1 l, $0.70/100ml",milk and cream,Superstore
Coffee Original Blend With Milk,1.79,"337 ml, $0.59/100ml",milk and cream,Superstore
Organic 1% Milk,4.39,"1 l, $0.44/100ml",milk and cream,Superstore
Whipping Cream,3.29,"250 ml, $1.32/100ml",milk and cream,Superstore
Coffee Mate French Vanilla Powder,5.79,"425 g, $1.53/100g",milk and cream,Superstore
"Milk, Partly Skimmed  Organic 2% M.F.",5.79,"1.89 l, $0.31/100ml",milk and cream,Superstore
"Coffee-mate, Light",12.99,"1.4 kg, $0.93/100g",milk and cream,Superstore
Organic 1% Milk,9.95,"4 l, $0.25/100ml",milk and cream,Superstore
2% Milk,1.50,"237 ml, $0.63/100ml",milk and cream,Superstore
Hawaii Kona Blend Coffee With Milk,1.79,"337 ml, $0.59/100ml",milk and cream,Superstore
3.25% Lactose Free Enriched Milk,5.69,"2 l, $0.31/100ml",milk and cream,Superstore
"Chocolate High Protein Shake, 34G Of Protein Per Bottle,",3.29,"460 ml, $0.72/100ml",milk and cream,Superstore
Natrel Plus 2% Lactose Free Chocolate Enriched Milk,7.09,"2 l, $0.35/100ml",milk and cream,Superstore
Dairy Protein Beverage 2% M.F.,7.37,"1.89 l, $0.39/100ml",milk and cream,Superstore
Vanilla Coffee Creamer,6.99,"1 l, $0.70/100ml",milk and cream,Superstore
"Chocolate Milk, 1%",2.29,"473 ml, $0.48/100ml",milk and cream,Superstore
Lactose Free Skim Milk,5.59,"2 l, $0.32/100ml",milk and cream,Superstore
"Real Whipped Cream, Light",4.79,"225 g, $2.13/100g",milk and cream,Superstore
18% M.F. Coffee Cream,5.46,"946 ml, $0.58/100ml",milk and cream,Superstore
Partly Skimmed Milk 2% M.F.,5.00,"6x200.0 ml, $0.54/100ml",milk and cream,Superstore
Lactose Free Milk 2% Partly Skimmed ,6.29,"1.5 l, $0.42/100ml",milk and cream,Superstore
Lactose Free Skim Milk,5.59,"2 l, $0.32/100ml",milk and cream,Superstore
Coffee Mate After Eight,6.49,"828 ml, $0.78/100ml",milk and cream,Superstore
Dairy Protein Beverage 2% M.F.,7.37,"1.89 l, $0.39/100ml",milk and cream,Superstore
Vanilla Coffee Creamer,6.99,"1 l, $0.70/100ml",milk and cream,Superstore
"Chocolate Milk, 1%",2.29,"473 ml, $0.48/100ml",milk and cream,Superstore
"Caramel Waffle Cookie Coffee Enhancer, Limited Edition",4.44,"946 ml, $0.63/100ml",milk and cream,Superstore
"French Vanilla Flavoured Fat Free Coffee Creamer, 63 Servings",4.44,"946 ml, $0.63/100ml",milk and cream,Superstore
Chocolate,2.49,"473 ml, $0.53/100ml",milk and cream,Superstore
"Vanilla Toffee Caramel Coffee Creamer, 63 Servings",4.44,"946 ml, $0.63/100ml",milk and cream,Superstore
Lactose Free Fat Free Skim 0% Dairy Product (2L),6.39,"2 l, $0.32/100ml",milk and cream,Superstore
Coffee Mate Liquid French Vanilla,6.49,"946 ml, $0.69/100ml",milk and cream,Superstore
Almond And Oat Dairy Free Caramel Macchiato Coffee Enhancer,7.99,"828 ml, $0.96/100ml",milk and cream,Superstore
PurFiltre Milk 1% Partly Skimmed ,5.79,"2 l, $0.29/100ml",milk and cream,Superstore
COFFEE-MATE Light Powder,5.79,"450 g, $1.44/100g",milk and cream,Superstore
Almond Coffee Creamer Creamy Maple Flavoured,2.99,"450 ml, $0.66/100ml",milk and cream,Superstore
Lactose Free Milk 1%,11.15,"4 l, $0.28/100ml",milk and cream,Superstore
2% Organic Milk,4.09,"1 l, $0.41/100ml",milk and cream,Superstore
Whole Milk 3.8% M.F.,10.79,"4 l, $0.27/100ml",milk and cream,Superstore
"Milk 2% Partly Skimmed, portions",6.29,"160x9.0 ml, $0.44/100ml",milk and cream,Superstore
"Zero Sugar Caramel Macchiato Coffee Creamer, Limited Edition",4.44,"946 ml, $0.63/100ml",milk and cream,Superstore
Skim Milk,4.77,"2 l, $0.24/100ml",milk and cream,Superstore
Microfiltered Milk 2% MF,6.37,"1.89 l, $0.34/100ml",milk and cream,Superstore
Coffee Cream 18% M.F.,3.52,"473 ml, $0.74/100ml",milk and cream,Superstore
BFit High Protein Milkshake Vanilla,3.29,"460 ml, $0.72/100ml",milk and cream,Superstore
Ultrapūr Skim 0%,6.19,"1.5 l, $0.41/100ml",milk and cream,Superstore
Milk Lactose Free 3.25% Homogenized,5.59,"2 l, $0.32/100ml",milk and cream,Superstore
"Whipping Cream, 33%",4.75,"473 ml, $1.00/100ml",milk and cream,Superstore
Homogenized Milk,2.92,"1 l, $0.29/100ml",milk and cream,Superstore
Strawberry Milkshake,1.59,"310 ml, $0.51/100ml",milk and cream,Superstore
0% M.F. Fat-Free Creamer,4.55,"946 ml, $0.48/100ml",milk and cream,Superstore
Lactose Free Whole Ultrafiltered Milk,6.59,"1.5 l, $0.44/100ml",milk and cream,Superstore
"Buttermilk, 3.25%",4.79,"1.89 l, $0.25/100ml",milk and cream,Superstore
Hazelnut Mocha Macchiato Coffee Enhancer,7.99,"828 ml, $0.96/100ml",milk and cream,Superstore
Goat's Milk,7.29,"2 l, $0.36/100ml",milk and cream,Superstore
Coffee Crisp Milkshake,2.69,"473 ml, $0.57/100ml",milk and cream,Superstore
Banana,2.49,"473 ml, $0.53/100ml",milk and cream,Superstore
Partly Skimmed Milk Vanilla 1% M.F.,2.09,"946 ml, $0.22/100ml",milk and cream,Superstore
"Oat Creamer, French Vanilla",6.99,"946 ml, $0.74/100ml",milk and cream,Superstore
Whole Milk,7.99,"2 l, $0.40/100ml",milk and cream,Superstore
Organic Skim Milk,6.92,"2 l, $0.35/100ml",milk and cream,Superstore
Fine Grind Coffee Maple Roast Medium,8.99,"300 g, $3.33/100g",milk and cream,Superstore
Trutaste Milk 2% M.F. Lactose Free,11.15,"4 l, $0.28/100ml",milk and cream,Superstore
"Milk, Homogenized  Organic 3.25% M.F.",5.99,"1.89 l, $0.32/100ml",milk and cream,Superstore
Organic Skim Milk,9.95,"4 l, $0.25/100ml",milk and cream,Superstore
"Organic Milk 3, 25%Mf",9.95,"4 l, $0.25/100ml",milk and cream,Superstore
"Organic Cream, 10% M.F.",3.87,"473 ml, $0.82/100ml",milk and cream,Superstore
Creamy Soy Preparation,3.49,"250 ml, $1.40/100ml",milk and cream,Superstore
"Oat Creamer, Original",6.99,"946 ml, $0.74/100ml",milk and cream,Superstore
"Coffee, Ground  100% Colombian Light Roast ",8.49,"340 g, $3.09/100g",milk and cream,Superstore
"Coffee, Roast: Medium Premium Instant ",16.99,"300 g, $5.66/100g",milk and cream,Superstore
Coffee Mate Liquid Creamer Caramel Macchiato,6.49,"946 ml, $0.69/100ml",milk and cream,Superstore
Lactose Free Milk 3.25% Homogenized,6.39,"1.5 l, $0.43/100ml",milk and cream,Superstore
Natrel Plus 2% Lactose Free Vanilla Enriched Milk ,5.69,"2 l, $0.31/100ml",milk and cream,Superstore
Whipped Topping,6.49,"400 g, $1.62/100g",milk and cream,Superstore
Fat Free Creamer 0%,4.39,"1 l, $0.44/100ml",milk and cream,Superstore
"Milk, Coffee Partly Skimmed Iced Coffee, 1% M.F.",2.49,"473 ml, $0.53/100ml",milk and cream,Superstore
Milk Beverage Chocolate 1% M.F.,3.99,"1.89 l, $0.27/100ml",milk and cream,Superstore
Classic Hazelnut Coffee Creamer,7.49,"1.42 l, $0.53/100ml",milk and cream,Superstore
Coffee Mate Coffee Crisp,6.49,"828 ml, $0.78/100ml",milk and cream,Superstore
"Ultrapūr 2%, 50% more protein",6.19,"1.5 l, $0.41/100ml",milk and cream,Superstore
Organic 2% Milk,6.92,"2 l, $0.35/100ml",milk and cream,Superstore
Microfiltered Milk 1% MF,6.37,"1.89 l, $0.34/100ml",milk and cream,Superstore
"Creamer, 10%",6.79,"9 ml, $75.44/100ml",milk and cream,Superstore
Organic 1% Milk,6.92,"2 l, $0.35/100ml",milk and cream,Superstore
Real Coconut Whipped Cream,4.79,"225 g, $2.13/100g",milk and cream,Superstore
Homogenized Milk Microfiltered,6.35,"1.89 l, $0.34/100ml",milk and cream,Superstore
Classic French Vanilla Coffee Creamer,7.49,"1.42 l, $0.53/100ml",milk and cream,Superstore
Almond And Oat Dairy Free Hazelnut Latte Coffee Enhancer,7.99,"828 ml, $0.96/100ml",milk and cream,Superstore
Skim Milk,2.83,"1 l, $0.28/100ml",milk and cream,Superstore
PūrFiltre Milk 2% Partly Skimmed,5.79,"2 l, $0.29/100ml",milk and cream,Superstore
Chocolate Milk,3.59,"946 ml, $0.38/100ml",milk and cream,Superstore
Strawberry,2.49,"473 ml, $0.53/100ml",milk and cream,Superstore
Marble Cheddar Cheese Slices,3.99,"240 g, $2.29/100g",cheese,Superstore
"Medium Cheddar Cheese Slices, 12 units",3.99,"240 g, $2.29/100g",cheese,Superstore
Farmer's Marble Cheese,7.89,"700 g, $1.13/100g",cheese,Superstore
Triple Cheddar Shredded Cheese Blend,5.49,"320 g, $1.72/100g",cheese,Superstore
"Cheestrings Marble Cheese, 16 units",5.79,"336 g, $2.62/100g",cheese,Superstore
Pasteurized Cream Cheese,3.00,"250 g, $1.20/100g",cheese,Superstore
Singles Original Slices,4.49,"410 g, $1.10/100g",cheese,Superstore
Original Cream Cheese Product,3.97,"227 g, $2.15/100g",cheese,Superstore
Original Brick Cream Cheese,3.97,"250 g, $1.96/100g",cheese,Superstore
"Swiss Cheese Slices, 11 units",3.99,"220 g, $2.50/100g",cheese,Superstore
Old Cheddar Cheese,7.89,"700 g, $1.13/100g",cheese,Superstore
"Cottage Cheese, 2% M.F.",3.99,"500 g, $0.80/100g",cheese,Superstore
"Processed cheddar cheese slices, 22 units",4.49,"410 g, $1.10/100g",cheese,Superstore
"Pizza Mozzarella Cheese, 28% MF",7.89,"700 g, $1.13/100g",cheese,Superstore
Marble Cheddar Cheese Slices,4.50,"230 g, $1.96/100g",cheese,Superstore
Marble cheddar cheese,5.77,"400 g, $1.80/100g",cheese,Superstore
"Old White Cheddar Cheese Slices, 11 units",3.99,"200 g, $2.75/100g",cheese,Superstore
Herb & Garlic Cream Cheese Product,3.97,"227 g, $2.15/100g",cheese,Superstore
Shredded Mozzarella,5.99,"320 g, $1.87/100g",cheese,Superstore
Lactose Free Marble Cheddar ,6.99,"400 g, $1.75/100g",cheese,Superstore
Grated Cheese Parmesan 31% M.F.,7.99,"250 g, $3.20/100g",cheese,Superstore
Singles Original Thick Slices,4.49,"410 g, $1.10/100g",cheese,Superstore
Extra Old White Cheddar,6.99,"400 g, $1.75/100g",cheese,Superstore
"Cottage Cheese, 2%",3.49,"500 ml, $0.88/100ml",cheese,Superstore
"Mozzarella and cheddar cheese stix, 22% M.F, 12 units",6.50,"228 g, $3.20/100g",cheese,Superstore
Cheddar Coloured Old Cheese ,5.77,"400 g, $1.80/100g",cheese,Superstore
"Havarti Cheese Slices, 11 units",3.99,"220 g, $2.50/100g",cheese,Superstore
Medium Cheddar Cheese,7.89,"700 g, $1.13/100g",cheese,Superstore
Original Cream Cheese Product,6.99,"340 g, $2.06/100g",cheese,Superstore
Shredded Nacho Cheese Blend,5.99,"320 g, $1.87/100g",cheese,Superstore
Singles Original Slices,6.97,"825 g, $1.13/100g",cheese,Superstore
Whipped Original Cream Cheese Product,4.89,"227 g, $2.15/100g",cheese,Superstore
"Light Medium Cheddar Cheese Slices, 12 units",3.99,"240 g, $2.29/100g",cheese,Superstore
"Cheestrings Marble Cheese, 28 units",9.97,"588 g, $2.29/100g",cheese,Superstore
1% M.F. Cottage Cheese ,5.00,"750 g, $0.67/100g",cheese,Superstore
Swiss Cheese Slices,4.50,"210 g, $2.14/100g",cheese,Superstore
Medium coloured cheddar cheese ,5.77,"400 g, $1.80/100g",cheese,Superstore
Singles Mozzarella Processed Cheese Slices,4.49,"410 g, $1.10/100g",cheese,Superstore
Grated Cheese Parmesan 31% M.F.,5.49,"125 g, $4.39/100g",cheese,Superstore
"Mild Cheddar Cheese, Light",7.89,"700 g, $1.13/100g",cheese,Superstore
Stringable Cheese Pizza Mozzarella,11.99,"588 g, $2.04/100g",cheese,Superstore
Marble Cheese,20.49,"1.15 kg, $1.78/100g",cheese,Superstore
Monterey Jack Cheese ,5.77,"400 g, $1.80/100g",cheese,Superstore
Soft Cream Cheese,6.49,"500 g, $1.30/100g",cheese,Superstore
Processed Cheese Product Thick Slices Cheddar Flavour,8.99,"800 g, $1.12/100g",cheese,Superstore
"Mozzarella Cheese Slices, 12 units",3.99,"240 g, $2.29/100g",cheese,Superstore
"Grated Cheese, 100% Parmesan",6.99,"200 g, $3.65/100g",cheese,Superstore
Shredded Old White Cheddar Cheese,5.99,"320 g, $1.87/100g",cheese,Superstore
Old Cheddar Cheese,8.49,"600 g, $1.50/100g",cheese,Superstore
Malai Paneer 20% M.F.,5.49,"375 g, $1.46/100g",cheese,Superstore
Monterey Jack Sliced Cheese,4.49,"210 g, $2.14/100g",cheese,Superstore
Original Light Cream Cheese Product,6.99,"340 g, $2.06/100g",cheese,Superstore
Double Cheddar Shredded Cheese,5.77,"320 g, $2.25/100g",cheese,Superstore
Light marble cheddar cheese ,5.77,"400 g, $1.80/100g",cheese,Superstore
Cream Cheese Spread with Everything Bagel Seasoning,3.00,"227 g, $1.32/100g",cheese,Superstore
Lactose Free Pizza Mozzarella Shredded Cheese,5.49,"320 g, $1.72/100g",cheese,Superstore
Smoke Flavoured Shredded Cheddar Cheese ,5.49,"320 g, $1.72/100g",cheese,Superstore
Lactose Free 2% M.F. Cottage Cheese,4.49,"500 g, $0.90/100g",cheese,Superstore
Nibblers Original Natural Snacking Cheese curds,5.49,"200 g, $2.75/100g",cheese,Superstore
Cream Cheese Product With Strawberries,3.00,"227 g, $1.32/100g",cheese,Superstore
Gouda Sliced Cheese,4.49,"210 g, $2.14/100g",cheese,Superstore
Smoke Flavoured Provolone Style Slices,5.99,"200 g, $3.65/100g",cheese,Superstore
Triple Cheddar Shredded Cheese Blend ,11.49,"620 g, $1.85/100g",cheese,Superstore
Gouda Cheese,6.99,"400 g, $1.75/100g",cheese,Superstore
Mozzarella Style Shreds,5.99,"200 g, $3.40/100g",cheese,Superstore
Cheddar Style Slices ,5.99,"200 g, $3.65/100g",cheese,Superstore
"Organic Cheese, Old Cheddar",6.49,"200 g, $3.25/100g",cheese,Superstore
Lactose Free Marble Cheddar Cheese Slices,4.49,"210 g, $2.14/100g",cheese,Superstore
Havarti Sliced Cheese,4.49,"210 g, $2.14/100g",cheese,Superstore
Light Original Cream Cheese Product,3.97,"227 g, $2.15/100g",cheese,Superstore
"Dairy-Free Shredded Cheese, Cheddar Style",6.99,"200 g, $3.50/100g",cheese,Superstore
Havarti Cheese,6.99,"400 g, $1.75/100g",cheese,Superstore
Marble Cheddar Cheese Slice,3.97,"240 g, $2.83/100g",cheese,Superstore
"Cheestrings Cheddar Cheese, 16 units",5.79,"336 g, $2.62/100g",cheese,Superstore
"Cheestrings Mozzarella Cheese, 16 units",5.79,"336 g, $2.62/100g",cheese,Superstore
Light Cream Cheese Spread,3.97,"250 g, $1.96/100g",cheese,Superstore
Chive Whipped Cream Cheese Product,4.89,"227 g, $2.15/100g",cheese,Superstore
Salad Topper Shredded Cheese Blend,5.49,"300 g, $1.83/100g",cheese,Superstore
"Herb & Garlic Cheddar Cheese Slices, 11 units",3.99,"200 g, $2.75/100g",cheese,Superstore
Extra old white cheddar cheese,5.77,"400 g, $1.80/100g",cheese,Superstore
Paneer,5.29,"350 g, $1.51/100g",cheese,Superstore
Medium Cheddar Cheese Slices,4.50,"230 g, $1.96/100g",cheese,Superstore
"Cheestrings Marble Lactose Free Cheese, 12 units",5.79,"252 g, $3.49/100g",cheese,Superstore
"Cream Cheese Spread, Original",5.79,"450 g, $1.29/100g",cheese,Superstore
"Dairy-free Cheese, Crumbled Parmesan Style",9.29,"113 g, $8.22/100g",cheese,Superstore
"Old Cheddar Cheese, Club Size",29.99,"2.27 kg, $1.32/100g",cheese,Superstore
2% Cottage Cheese,6.49,"1 kg, $0.65/100g",cheese,Superstore
Pizza Mozzarella Cheese,3.99,"200 g, $2.00/100g",cheese,Superstore
2% M.F. Cottage Cheese ,4.69,"500 g, $0.94/100g",cheese,Superstore
"Medium Cheddar Cheese, Light",7.89,"700 g, $1.13/100g",cheese,Superstore
Light Marble Cheddar Cheese,3.99,"200 g, $2.00/100g",cheese,Superstore
Mild Cheddar Cheese,7.89,"700 g, $1.13/100g",cheese,Superstore
Sour Cream Dip Nacho Queso Supreme,4.19,"250 g, $1.68/100g",cheese,Superstore
"Cheese, Taco Nacho Flavoured",18.99,"1 kg, $1.90/100g",cheese,Superstore
Light Medium Cheddar Cheese,3.99,"200 g, $2.00/100g",cheese,Superstore
1 % M.F. Light Cottage Cheese,6.79,"750 g, $0.91/100g",cheese,Superstore
Monterey Jack Cheese with Jalapeño 28% M.F.,8.49,"600 g, $1.50/100g",cheese,Superstore
Old Cheddar Cheese,6.99,"400 g, $1.75/100g",cheese,Superstore
Dairy-free Cheese Grated Mozzarella Style,6.99,"200 g, $3.50/100g",cheese,Superstore
Havarti Cheese 32% M.F.,8.49,"600 g, $1.50/100g",cheese,Superstore
Medium Cheddar Cheese,8.49,"600 g, $1.50/100g",cheese,Superstore
Mozzarella 100% Real Cheese Slices ,4.50,"230 g, $1.96/100g",cheese,Superstore
Plant Based Coconut Cream Cheese-Style Spread,3.39,"227 g, $1.49/100g",cheese,Superstore
Pizza Mozz Light 18%,8.49,"600 g, $1.50/100g",cheese,Superstore
"Cheese, Mexican Fiesta 31 % M.F. Cheddar with Jalapeño",8.49,"600 g, $1.50/100g",cheese,Superstore
Marble Cheddar Cheese Bar,8.49,"600 g, $1.50/100g",cheese,Superstore
Cream Cheese Spread with Herbs & Roasted Garlic,4.89,"340 g, $1.44/100g",cheese,Superstore
Medium Cheddar Cheese,6.99,"400 g, $1.75/100g",cheese,Superstore
Paneer,5.99,"341 g, $1.76/100g",cheese,Superstore
Tex Mex Shredded Cheese,5.77,"320 g, $2.25/100g",cheese,Superstore
Light Original Cream Cheese Product,3.00,"227 g, $1.32/100g",cheese,Superstore
"Habanero Monterey Jack Cheese Slices, 11 units",3.99,"200 g, $2.75/100g",cheese,Superstore
"Monterey Jack Jalapeno Pepper Cheese Slices, 11 units",3.99,"220 g, $2.50/100g",cheese,Superstore
Mozzarellissima,8.99,"500 g, $1.80/100g",cheese,Superstore
Smoke Flavoured Cheddar Cheese,6.99,"400 g, $1.75/100g",cheese,Superstore
Tre Stelle Cream Cheese Original    ,3.49,"200 g, $1.75/100g",cheese,Superstore
Mixed Berry Whipped Cream Cheese Product,3.97,"227 g, $2.15/100g",cheese,Superstore
"Natural Cheese Sticks Marble Cheddar, 12 units",5.79,"252 g, $3.49/100g",cheese,Superstore
Shredded Pizza Mozzarella Cheese,11.49,"620 g, $1.85/100g",cheese,Superstore
Medium Cheddar Cheese,3.99,"200 g, $2.00/100g",cheese,Superstore
Mediterranean Medley Shredded Cheese,5.77,"320 g, $2.25/100g",cheese,Superstore
Cheddar Flavour Processed Cheese Product Thick Slices,4.49,"400 g, $1.12/100g",cheese,Superstore
Stringable Cheese Pizza Mozzarella,7.99,"336 g, $2.38/100g",cheese,Superstore
"Original Cream Cheese, Lactose Free",6.99,"250 g, $2.80/100g",cheese,Superstore
Light Cream Cheese Product with Herbs & Roasted Garlic ,3.00,"227 g, $1.32/100g",cheese,Superstore
Monterey Jack Cheese,6.99,"400 g, $1.75/100g",cheese,Superstore
Pizza Mozz Cheese Slice,3.97,"240 g, $2.83/100g",cheese,Superstore
Light Old Cheddar Cheese ,7.89,"700 g, $1.13/100g",cheese,Superstore
"Cheese, Shredded Natural Spicy Tex Mex, 30 % M.F.",8.99,"600 g, $1.50/100g",cheese,Superstore
"Medium Cheddar Cheese, Club Size",29.99,"2.27 kg, $1.32/100g",cheese,Superstore
Pasteurized Cream Cheese Spread,16.49,"1.5 kg, $1.10/100g",cheese,Superstore
Marble Cheddar Cheese  ,29.99,"2.27 kg, $1.32/100g",cheese,Superstore
Stringable Cheese Marble,7.99,"336 g, $2.38/100g",cheese,Superstore
Shredded Cheddar Cheese With Habanero ,5.49,"320 g, $1.72/100g",cheese,Superstore
Pasteurized Light Cream Cheese Spread,3.00,"250 g, $1.20/100g",cheese,Superstore
Lactose Free Old Yellow Cheddar Cheese,6.99,"400 g, $1.75/100g",cheese,Superstore
Herb & Garlic Cream Cheese Product,6.99,"340 g, $2.06/100g",cheese,Superstore
"Organic Cheese, Medium Cheddar",6.49,"200 g, $3.25/100g",cheese,Superstore
Lactose Free Triple Cheddar Shredded Cheese Blend,5.49,"320 g, $1.72/100g",cheese,Superstore
Mozzarella cheddar Shredded Cheese,5.77,"320 g, $2.25/100g",cheese,Superstore
Light Tex Mex Shredded Cheese,5.77,"320 g, $2.25/100g",cheese,Superstore
Shredded Medium Cheddar,5.99,"320 g, $1.87/100g",cheese,Superstore
Lactose Free Mozzarellissima,8.99,"500 g, $1.80/100g",cheese,Superstore
Pizza Mozzarella Shredded Cheese,5.77,"320 g, $2.25/100g",cheese,Superstore
Old Cheddar Cheese Slices ,4.50,"210 g, $2.14/100g",cheese,Superstore
"Medium cheddar natural cheese sticks, 12 units",5.79,"252 g, $3.49/100g",cheese,Superstore
Shaved Cheese 100% Parmesan 27% M.F.,7.99,"0.141 kg, $5.67/100g",cheese,Superstore
Light Cream Cheese,8.49,"450 g, $1.89/100g",cheese,Superstore
Shredded Mozzarella Cheese,13.99,"900 g, $1.55/100g",cheese,Superstore
Mozzarella cheddar Shredded Cheese,5.77,"320 g, $2.25/100g",cheese,Superstore
Light Tex Mex Shredded Cheese,5.77,"320 g, $2.25/100g",cheese,Superstore
Shredded Medium Cheddar,5.99,"320 g, $1.87/100g",cheese,Superstore
Lactose Free Mozzarellissima,8.99,"500 g, $1.80/100g",cheese,Superstore
Shredded Cheese Parmesan 27% M.F.,9.99,"0.2 kg, $5.00/100g",cheese,Superstore
Cheddar Cheese with Habanero,6.99,"400 g, $1.75/100g",cheese,Superstore
Shredded Nacho Cheese Blend,13.99,"900 g, $1.55/100g",cheese,Superstore
"Cheese, Sliced Cheddar with Jalapeño Mexican Fiesta 31 % M.F.",3.97,"220 g, $3.09/100g",cheese,Superstore
"Organic Cheese, Marble Cheddar",6.49,"200 g, $3.25/100g",cheese,Superstore
Philly Cream Cheese Brick,18.99,"1.5 kg, $1.27/100g",cheese,Superstore
Mozzarella,6.49,"200 g, $3.25/100g",cheese,Superstore
"Cheese, Process Product Extra Cheddar",10.49,"785 g, $1.34/100g",cheese,Superstore
Light Cheddar Flavour Processed Cheese Product Slices,4.49,"400 g, $1.12/100g",cheese,Superstore
"Cottage Cheese, 2%",6.79,"750 g, $0.91/100g",cheese,Superstore
"Shredded Natural Cheese Triple Cheddar, 31 % M.F.",8.99,"600 g, $1.50/100g",cheese,Superstore
Mozzarellissima,18.99,"1 kg, $1.90/100g",cheese,Superstore
"Cottage Cheese, 1%",3.49,"500 ml, $0.88/100g",cheese,Superstore
Grated Cheese Parmesan 31% M.F.,14.99,"500 g, $3.00/100g",cheese,Superstore
"Pizza Mozzarella Cheese, Light 18% MF",7.89,"700 g, $1.13/100g",cheese,Superstore
Pizza Mozz 28%,8.49,"600 g, $1.50/100g",cheese,Superstore
Cheestrings Pizza Mozzarella Cheese X-Treme Pizza Stringable 18 % M.F.,5.79,"252 g, $3.49/100g",cheese,Superstore
Cheddar Flavour Processed Cheese Product Slices,8.99,"800 g, $1.12/100g",cheese,Superstore
"Cheestrings Marble Lactose-Free Cheese, 12 units",5.79,"252 g, $3.49/100g",cheese,Superstore
Light Herb & Garlic Cream Cheese,3.97,"227 g, $2.15/100g",cheese,Superstore
Lactose Free Plain Cream Cheese ,4.39,"250 g, $1.76/100g",cheese,Superstore
Nibblers Smokey Bacon Natural Snacking Cheese curds,5.49,"200 g, $2.75/100g",cheese,Superstore
Shredded Cheddar & Monterey Jack Cheese Blend,13.99,"900 g, $1.55/100g",cheese,Superstore
Cheestrings Pizza Mozzarella Cheese X-Treme Nacho Stringable 26 % M.F.,5.79,"252 g, $3.49/100g",cheese,Superstore
Cheddar Style Shreds,5.99,"200 g, $3.40/100g",cheese,Superstore
Shredded Part Skimmed Mozzarella,5.99,"320 g, $1.87/100g",cheese,Superstore
Marble Cheddar Cheese,6.99,"400 g, $1.75/100g",cheese,Superstore
Singles Original Thick Slices,6.97,"825 g, $1.13/100g",cheese,Superstore
Cream Cheese Spread ,3.00,"227 g, $1.32/100g",cheese,Superstore
Shredded Medium Cheddar Cheese,13.99,"900 g, $1.55/100g",cheese,Superstore
Farmer's Marble Cheese ,3.99,"200 g, $2.00/100g",cheese,Superstore
Nibblers Sour Cream & Onion Natural Snacking Cheese curds,5.49,"200 g, $2.75/100g",cheese,Superstore
Cheese Sticks Stringable Marble,11.99,"588 g, $2.04/100g",cheese,Superstore
Original Cream Cheese,6.99,"227 g, $3.08/100g",cheese,Superstore
Mature Cheddar Style Slices,5.99,"200 g, $3.65/100g",cheese,Superstore
Original Cream Cheese Spread ,4.89,"340 g, $1.44/100g",cheese,Superstore
Extra Old White Cheddar Cheese 31% M.F. Cracker Cut,8.49,"600 g, $1.50/100g",cheese,Superstore
Fat Free Sour Cream,3.19,"500 ml, $0.64/100ml",cheese,Superstore
Pizza Mozz 28%,8.49,"600 g, $1.50/100g",cheese,Superstore
Fat Free Sour Cream,3.19,"500 ml, $0.64/100ml",cheese,Superstore
Cheestrings Pizza Mozzarella Cheese X-Treme Nacho Stringable 26 % M.F.,5.79,"252 g, $3.49/100g",cheese,Superstore
Cheddar Style Shreds,5.99,"200 g, $3.40/100g",cheese,Superstore
Shredded Part Skimmed Mozzarella,5.99,"320 g, $1.87/100g",cheese,Superstore
Marble Cheddar Cheese,6.99,"400 g, $1.75/100g",cheese,Superstore
Singles Original Thick Slices,6.97,"825 g, $1.13/100g",cheese,Superstore
Original Cream Cheese Spread ,4.89,"340 g, $1.44/100g",cheese,Superstore
Signature Smoked Cheddar Cheese,3.99,"200 g, $2.75/100g",cheese,Superstore
Mac & Cheese Shredded Cheese Blend,5.49,"320 g, $1.72/100g",cheese,Superstore
Light Marble Cheddar Cheese 19% M.F.,7.89,"700 g, $1.13/100g",cheese,Superstore
"Lactose-Free Marble Cheese Sticks, 9 units",5.79,"189 g, $4.65/100g",cheese,Superstore
Lactose Free Nacho Shredded Cheese Blend,5.49,"320 g, $1.72/100g",cheese,Superstore
Singles Swiss Slices,4.49,"410 g, $1.10/100g",cheese,Superstore
Velveeta Processed Cheese Loaf,13.49,"900 g, $1.50/100g",cheese,Superstore
Old Cheddar Cheese,20.49,"1.15 kg, $1.78/100g",cheese,Superstore
"Mild Cheddar Cheese Slices, 48 units",20.99,"1 kg, $2.10/100g",cheese,Superstore
Singles Original Light,4.49,"410 g, $1.10/100g",cheese,Superstore
Smoked Salmon Cream Cheese Product,6.99,"340 g, $2.06/100g",cheese,Superstore
Non-Melting Cheese Paneer 20% M.F.,4.00,"300 g, $1.33/100g",cheese,Superstore
2% M.F. Cottage Cheese ,5.00,"750 g, $0.67/100g",cheese,Superstore
Swiss Flavour Processed Cheese Product Slices,4.49,"400 g, $1.12/100g",cheese,Superstore
"Cheese, Pizza Mozzarella",29.99,"2.4 kg, $1.25/100g",cheese,Superstore
Processed Cheese Loaf,8.79,"450 g, $1.95/100g",cheese,Superstore
Pizza Mozzarella Cheese ,5.77,"400 g, $1.80/100g",cheese,Superstore
Cheddar Flavour Processed Cheese Product Slices,4.49,"400 g, $1.12/100g",cheese,Superstore
3 Cheese Pizza Shredded Cheese,5.77,"320 g, $2.25/100g",cheese,Superstore
Cream Cheese Spread with Herbs & Roasted Garlic,3.00,"227 g, $1.32/100g",cheese,Superstore
Medium Cheddar Cheese Slice,3.97,"240 g, $2.83/100g",cheese,Superstore
Tex Mex Shredded Cheese Blend,11.49,"620 g, $1.85/100g",cheese,Superstore
Cream Cheese Product With Jalapeño ,3.00,"227 g, $1.32/100g",cheese,Superstore
Strawberry Cream Cheese Product,3.97,"227 g, $2.15/100g",cheese,Superstore
Shredded Farmer's Marble Cheese,5.99,"320 g, $1.87/100g",cheese,Superstore
Cottage Cheese,8.29,"500 g, $1.66/100g",cheese,Superstore
Light Double Cheddar Shredded Cheese,5.99,"320 g, $1.87/100g",cheese,Superstore
Combos - Mozzarella & Naturally Smoked Salami Sticks,5.49,"180 g, $3.05/100g",cheese,Superstore
"Marble Cheddar Cheese, Almonds & Cranberries Combo, 3 units",5.49,"127.6 g, $4.30/100g",cheese,Superstore
Greek Yogurt Tzatziki Dip,3.69,"227 g, $1.63/100g",cheese,Superstore
"Dairy-Free Cheese Slices, Mozzarella-style",6.99,"200 g, $3.50/100g",cheese,Superstore
Marble Cheddar Light Cheese Bar,8.49,"600 g, $1.50/100g",cheese,Superstore
"Cheese, Light Cheddar Old 19 % M.F.",8.49,"600 g, $1.50/100g",cheese,Superstore
Med Cheddar Light,8.49,"600 g, $1.50/100g",cheese,Superstore
Mozzarella Cheese ,6.99,"400 g, $1.75/100g",cheese,Superstore
Light Original Cream Cheese Spread,4.89,"340 g, $1.44/100g",cheese,Superstore
Combos - Marble & Naturally Smoked Ham Sausage Sticks,5.49,"180 g, $3.05/100g",cheese,Superstore
Shredded Marble Farmer's Cheese,13.99,"900 g, $1.55/100g",cheese,Superstore
Naturally Lactose-Free Swiss Cheese ,6.99,"300 g, $2.33/100g",cheese,Superstore
Lactose Free Old Cheddar Cheese Slices,4.49,"210 g, $2.14/100g",cheese,Superstore
Naturally Lactose-Free Swiss Cheese ,6.99,"300 g, $2.33/100g",cheese,Superstore
Lactose Free Old Cheddar Cheese Slices,4.49,"210 g, $2.14/100g",cheese,Superstore
Montreal Steak Spice Seasoned Pizza Mozzarella and Cheddar Cheese Blend,5.49,"320 g, $1.72/100g",cheese,Superstore
"Plain Yogurt 6%, Balkan Style",3.69,"750 g, $0.49/100g",yogurt,Superstore
"Yogurt With Probiotics, Vanilla Flavour",3.79,"650 g, $0.68/100g",yogurt,Superstore
Plain Greek Yogurt 0%,5.00,"750 g, $0.67/100g",yogurt,Superstore
"Nano Drinkable Yogurt, Strawberry 1%",4.99,"6x93.0 ml, $0.89/100ml",yogurt,Superstore
"Greek 0% Yogurt, Plain, High Protein",7.29,"750 g, $0.97/100g",yogurt,Superstore
Plain Greek Yogurt Club Size 2% M.F.,6.49,"1 kg, $0.65/100g",yogurt,Superstore
"Yogurt With Probiotics, Vanilla Flavour",5.29,"8x100.0 g, $0.66/100g",yogurt,Superstore
"Greek Yogurt, Key Lime Flavour, 2% M.F., Blended",4.59,"4x100.0 g, $1.15/100g",yogurt,Superstore
Greek Yogurt Plain Flavour 2% ,5.00,"750 g, $0.67/100g",yogurt,Superstore
"Probiotic Yogurt, Strawberry/Blueberry/Raspberry/Peach Flavour",5.50,"12x100.0 g, $0.46/100g",yogurt,Superstore
"Fat Free Greek Yogurt, High Protein, Plain, 0% M.F.",5.46,"650 g, $0.84/100g",yogurt,Superstore
"Tubes Zoo, Strawberry",2.67,"448 g, $0.60/100g",yogurt,Superstore
"Nano Drinkable Yogurt, Vanilla 1%",4.99,"6x93.0 ml, $0.89/100ml",yogurt,Superstore
"Greek Yogurt, Vanilla Flavour, 2% M.F.,  Blended",4.59,"4x100.0 g, $1.15/100g",yogurt,Superstore
Skyr Yogurt Plain 0%.  High Protein,6.49,"750 g, $0.87/100g",yogurt,Superstore
"Fat Free Greek Yogurt, Plain, No Added Sugar Value Tub",5.46,"750 g, $0.73/100g",yogurt,Superstore
"Greek Yogurt, Banana Flavour, Blended, 2% Mf, 4X100G",4.59,"4x100.0 g, $1.15/100g",yogurt,Superstore
Tubes Yogurt 1% M.F. Strawberry Banana & Fruit Punch,2.67,"448 g, $0.60/100g",yogurt,Superstore
"Greek 2% Yogurt, Plain, High Protein",7.29,"750 g, $0.97/100g",yogurt,Superstore
"Nano Drinkable Yogurt, Peach 1%",4.99,"6x93.0 ml, $0.89/100ml",yogurt,Superstore
"Fat Free Greek Yogurt, Peach-Mango Flavour, Fruit On The Bottom, 0% M.F.",4.59,"4x100.0 g, $1.15/100g",yogurt,Superstore
"Greek Yogurt, Strawberry Flavour, Fruit On The Bottom, 2% M.F.",4.59,"4x100.0 g, $1.15/100g",yogurt,Superstore
"Yop 1% Drinkable Yogurt Pack, Strawberry, Blueberry, Raspberry, and Strawberry Banana, Yogurt Drinks",9.94,"12x200.0 ml, $0.46/100ml",yogurt,Superstore
"Nano Drinkable Yogurt, Raspberry 1%",4.99,"6x93.0 ml, $0.89/100ml",yogurt,Superstore
"Source 0% Smooth Traditional Yogurt Cups Variety Pack, No Added Sugar",7.79,"16x100.0 g, $0.49/100g",yogurt,Superstore
"Yogurt With Probiotics, Strawberry Flavour",3.89,"650 g, $0.68/100g",yogurt,Superstore
"High Protein Greek Yogurt, Vanilla Flavour, Blended, Value Tub",5.46,"650 g, $0.84/100g",yogurt,Superstore
"Greek Yogurt, Plain, No Added Sugar, 2% Mf, Value Tub",5.46,"750 g, $0.73/100g",yogurt,Superstore
"Yop 1% Drinkable Yogurt, Strawberry Banana, Yogurt Drink",1.29,"200 ml, $0.65/100ml",yogurt,Superstore
"Yop 1% Drinkable Yogurt, Strawberry, Yogurt Drink",1.29,"200 ml, $0.65/100ml",yogurt,Superstore
"Yogurt 1.5% M.F. Variety Pack - Strawberry,Raspberry, Blueberry & Vanilla",6.29,"16x100.0 g, $0.39/100g",yogurt,Superstore
"Yogurt With Probiotics, Raspberry Flavour",3.89,"650 g, $0.68/100g",yogurt,Superstore
"Nano Drinkable Yogurt, Lactose Free, Strawberry-Banana 1%",4.99,"6x93.0 ml, $0.89/100g",yogurt,Superstore
"Nano Drinkable Yogurt, Banana 1%",4.99,"6x93.0 ml, $0.89/100ml",yogurt,Superstore
"Greek Yogurt, Raspberry-Pomegramate Flavour, Fruit On Bottom, 2% M.F.,",4.59,"4x100.0 g, $1.15/100g",yogurt,Superstore
"Yop 3% Minigo Duo, Variety Pack, Kids Snack",2.67,"6x60.0 g, $0.74/100g",yogurt,Superstore
Tubes Yogurt Mixed Berry Flavour 1% M.F.,2.67,"448 g, $0.60/100g",yogurt,Superstore
"Yogurt With Probiotics, Cherry Flavour",3.89,"650 g, $0.68/100g",yogurt,Superstore
"Source 0% Smooth Traditional Yogurt, Vanilla, No Added Sugar",2.67,"630 g, $0.42/100g",yogurt,Superstore
"Greek Yogurt, Blueberry Flavour, Fruit On The Bottom, 2% M.F.",4.59,"4x100.0 g, $1.15/100g",yogurt,Superstore
"Yop 1% Drinkable Yogurt Limited Edition, Yogurt Drink",1.29,"200 ml, $0.65/100ml",yogurt,Superstore
"Yop 1% Drinkable Yogurt, Vanilla, Yogurt Drink",1.29,"200 ml, $0.65/100ml",yogurt,Superstore
Vanilla Greek Yogurt,5.00,"750 g, $0.67/100g",yogurt,Superstore
Tubes Yogurt Vanilla Flavour 1% M.F.,2.67,"448 g, $0.60/100g",yogurt,Superstore
"Fat Free Greek Yogurt, Cherry Flavour, Fruit On The Bottom, 0% M.F.",4.59,"4x100.0 g, $1.15/100g",yogurt,Superstore
"Yogurt With Probiotics, Blueberry Flavour",3.89,"650 g, $0.68/100g",yogurt,Superstore
Vanilla Greek Yogurt 0% Club Size ,6.49,"1 kg, $0.65/100g",yogurt,Superstore
"Probiotic Yogurt, Raspberry/Apple/Blackberry/Strawberry Flavour, 12XG",5.50,"12x100.0 g, $0.46/100g",yogurt,Superstore
Yogurt With Probiotics Lemon Flavour,3.89,"650 g, $0.68/100g",yogurt,Superstore
"Probiotics Yogurt, Yellow Apple/Apricot/Mango/Peach",5.50,"12x100.0 g, $0.46/100g",yogurt,Superstore
No Fat Yogurt-Plain,12.99,"1.75 kg, $0.74/100g",yogurt,Superstore
Organic Sour Cream 14%,5.99,"500 ml, $1.20/100ml",yogurt,Superstore
"Organic Yogurt, Mango 3%",5.99,"650 g, $0.92/100g",yogurt,Superstore
Krema Plain 0.11    ,13.79,"1.75 kg, $0.79/100g",yogurt,Superstore
"Organic Kefir, Strawberry",12.49,"2 l, $0.62/100ml",yogurt,Superstore
3.25% M.F. Dahi Yogurt,2.49,"750 g, $0.37/100g",yogurt,Superstore
"Cappuccino Yogurt 6%, Balkan Style",3.69,"650 g, $0.57/100g",yogurt,Superstore
"Organic Yogurt, Plain 3.5%",12.99,"1.75 kg, $0.74/100g",yogurt,Superstore
Plain 2% M.F. Greek Yogurt,3.49,"4x100.0 g, $1.00/100g",yogurt,Superstore
Stirred Yogurts 0 % M.F.,4.99,"12x100.0 g, $0.42/100g",yogurt,Superstore
Probiotics Yogurt Fiber Plain,3.89,"625 g, $0.70/100g",yogurt,Superstore
Blueberry Greek Yogurt,5.00,"750 g, $0.67/100g",yogurt,Superstore
"Source 0% Smooth Traditional Yogurt, Raspberry, No Added Sugar",2.67,"630 g, $0.42/100g",yogurt,Superstore
Plain 1% M.F. Yogurt,3.49,"750 g, $0.47/100g",yogurt,Superstore
"Plain Yogurt 0%, Balkan Style",3.69,"750 g, $0.49/100g",yogurt,Superstore
"Fat Free Greek Yogurt, 30% Less Sugar, Vanilla Flavour, Blended",4.59,"4x100.0 g, $1.15/100g",yogurt,Superstore
"Probiotic Smoothie, Blueberry Banana",2.29,"190 ml, $1.21/100ml",yogurt,Superstore
"Greek 5% Extra Creamy Yogurt, Vanilla Bean, High Protein",7.29,"650 g, $1.12/100g",yogurt,Superstore
Black Cherry Stirred 1% M.F. Yogurt,2.99,"650 g, $0.46/100g",yogurt,Superstore
"Organic Yogurt, Plain 0%",5.99,"650 g, $0.92/100g",yogurt,Superstore
"Plant-based Yogurt, Strawberry-Raspberry Flavoured",6.99,"650 g, $1.08/100g",yogurt,Superstore
"Organic Greek Yogurt, Plain",5.99,"500 g, $1.20/100g",yogurt,Superstore
Méditerranée Yogourt Mango 9 % M.F.,4.59,"500 g, $0.92/100g",yogurt,Superstore
"Greek 0% Yogurt 16-Pack, Assorted, High Protein and Probiotics",12.49,"1.6 kg, $0.78/100g",yogurt,Superstore
"Yogurt With Probiotics, Mango Flavour Tub",3.89,"650 g, $0.68/100g",yogurt,Superstore
"Yogurt, Banana Balkan 3.25%",3.69,"650 g, $0.57/100g",yogurt,Superstore
"Greek Yogurt, Variety Pack, 6X Strawberry, 6X Vanilla, Blended, 2% M.F.",10.99,"12x100.0 g, $0.92/100g",yogurt,Superstore
"Source 0% Smooth Traditional Yogurt, Strawberry, No Added Sugar",2.67,"630 g, $0.42/100g",yogurt,Superstore
"Greek Style Yogurt, Traditional Plain",4.79,"500 g, $1.10/100g",yogurt,Superstore
"Skyr Yogurt Vanilla 0%, High Protein",6.49,"750 g, $0.87/100g",yogurt,Superstore
"Yop 1.5% Drinkable Yogurt Pack, Strawberry Banana, Yogurt Drinks, No Added Sugar",7.29,"8x93.0 ml, $0.98/100ml",yogurt,Superstore
Plant Based Kefir Probiotic Fermented Coconut Milk,4.99,"1 l, $0.50/100ml",yogurt,Superstore
"Probiotic Yogurt, Mixed Berries, Drinkable Yogurt, 8 Pack",7.49,"8x93.0 ml, $1.01/100ml",yogurt,Superstore
"Creamy 1% Smooth Traditional Yogurt Cups, Variety Pack with Real Fruit Puree",7.79,"16x100.0 g, $0.49/100g",yogurt,Superstore
"Yop 1% Drinkable Yogurt, Fruity, Yogurt Drink",1.29,"200 ml, $0.65/100ml",yogurt,Superstore
"Yop 1% Drinkable Yogurt, Strawberry Raspberry, Lactose Free Yogurt Drink",1.29,"200 ml, $0.65/100ml",yogurt,Superstore
"Greek 2% Yogurt, Vanilla, High Protein",7.29,"750 g, $0.97/100g",yogurt,Superstore
"1% Kefir, Mango",5.49,"1000 ml, $0.55/100ml",yogurt,Superstore
"Greek 2% Extra Fruit Black Cherry Raspberry, High Protein",7.29,"650 g, $1.12/100g",yogurt,Superstore
"Cultured Coconut Milk Plain, Unsweetened",5.79,"680 g, $0.85/100g",yogurt,Superstore
Strawberry Watermelon Cream Pop  2% Greek Yogurt ,3.49,"400 g, $1.00/100g",yogurt,Superstore
Méditerranée Yogourt Key Lime Pie 9 % M.F.,4.59,"500 g, $0.92/100g",yogurt,Superstore
Tubes Yogurt Raspberry Flavour 1% M.F.,2.67,"448 g, $0.60/100g",yogurt,Superstore
"1% Kefir, Plain",5.49,"1000 ml, $0.55/100ml",yogurt,Superstore
"Source 0% Smooth Traditional Yogurt, Cherry, No Added Sugar",2.67,"630 g, $0.42/100g",yogurt,Superstore
"Probiotic Smoothie, Mango, Peach & Carrot, Drinkable Yogurt",2.29,"190 ml, $1.21/100ml",yogurt,Superstore
"Yop 1% Drinkable Yogurt, Blueberry, Yogurt Drink",1.29,"200 ml, $0.65/100ml",yogurt,Superstore
"Greek 2% Vanilla Bean Yogurt Crunch Cups with Dark Chocolate, Salted Almonds, and Caramel Toppings, 130 g, 2 ct",4.99,"2x130.0 g, $1.92/100g",yogurt,Superstore
"Yogurt With Probiotics, Strawberry Vanilla Flavour",5.29,"8x100.0 g, $0.66/100g",yogurt,Superstore
"Protein Plant-Based Yogurt, Key Lime Flavoured",6.99,"500 g, $1.40/100g",yogurt,Superstore
"Organic Yogurt, Strawberry 3%",5.99,"650 g, $0.92/100g",yogurt,Superstore
2% M.F. Dahi Yogurt,2.49,"750 g, $0.37/100g",yogurt,Superstore
Balkan Style Yogurt Plain 6% M.F. ,5.49,"500 g, $1.10/100g",yogurt,Superstore
"Fat Free Greek Yogurt, 30% Less Sugar, Peach Flavour, Blended",4.59,"4x100.0 g, $1.15/100g",yogurt,Superstore
"Creamy Yogurt Variety Pack, Strawberry / Peach / Vanilla / Blueberry, 24 Pack",9.99,"24x100.0 g, $0.42/100g",yogurt,Superstore
"Fat Free Greek Yogurt, Coconut Flavour, Blended, 0% M.F.",4.59,"4x100.0 g, $1.15/100g",yogurt,Superstore
"Greek Yogurt, Strawberry Raspberry, Fruit On The Bottom, 2% M.F.",4.59,"4x100.0 g, $1.15/100g",yogurt,Superstore
"Danino Raspberry Flavoured Drinkable Yogurt, 6 bottles",2.97,"558 ml, $0.75/100ml",yogurt,Superstore
"Greek 5% Extra Creamy Yogurt, Strawberry Banana, High Protein",7.29,"650 g, $1.12/100g",yogurt,Superstore
"Immune System, Probiotic Drinkable Yogurt, Peach, 8 Bottles",7.49,"8x93.0 ml, $1.01/100ml",yogurt,Superstore
1% Plain Stirred Yogurt,4.79,"1 kg, $0.48/100g",yogurt,Superstore
"Krema Yogurt, Plain 10%",5.99,"650 g, $0.92/100g",yogurt,Superstore
Strawberry Stirred 1% M.F. Yogurt,2.99,"650 g, $0.46/100g",yogurt,Superstore
"Greek Yogurt, Pineapple Flavour, Fruit On The Bottom, 2% M.F.",4.59,"4x100.0 g, $1.15/100g",yogurt,Superstore
"Greek Yogurt, Strawberry-Banana Flavour, Blended, 2% M.F.",4.59,"4x100.0 g, $1.15/100g",yogurt,Superstore
"Yop 1.5% Drinkable Yogurt Pack, Strawberry Raspberry, Yogurt Drinks, No Added Sugar",7.29,"8x93.0 ml, $0.98/100ml",yogurt,Superstore
"Yogurt With Probiotics, Plain 3.2% M/F.",3.89,"650 g, $0.68/100g",yogurt,Superstore
"Probiotic Yogurt, Blueberry/Vanilla",5.50,"12x100.0 g, $0.46/100g",yogurt,Superstore
"Two Good, Plain Low Sugar Yogurt, 1g sugar, 9g Protein",5.99,"625 g, $0.96/100g",yogurt,Superstore
"0% Yogurt Zero, Strawberry, Blueberry, Peach, and Vanilla",6.29,"16x100.0 g, $0.39/100g",yogurt,Superstore
Organic 14% M.F. Sour Cream,5.49,"500 g, $1.10/100g",yogurt,Superstore
"Greek Yogurt, Plain, No Added Sugar, 2% M.F., 4 Pack",4.59,"4x100.0 g, $1.15/100g",yogurt,Superstore
"Skyr Yogurt Vanilla 2%, High Protein, 4 units",4.99,"400 g, $1.25/100g",yogurt,Superstore
"Organic Yogurt, Vanilla 3%",12.99,"1.75 kg, $0.74/100g",yogurt,Superstore
"Creamy 1% Smooth Traditional Yogurt Cups, Variety Pack with Real Fruit Puree",7.79,"16x100.0 g, $0.49/100g",yogurt,Superstore
Banana 2% M.F. Greek Yogurt,3.49,"4x100.0 g, $1.00/100g",yogurt,Superstore
"0% M.F. Greek Yogurt, Coconut",5.00,"750 g, $0.67/100g",yogurt,Superstore
Source Yogurt Vanilla 0% M.F.,4.19,"400 g, $1.05/100g",yogurt,Superstore
"Yogurt With Probiotics, Coconut Flavour",3.89,"650 g, $0.68/100g",yogurt,Superstore
Tre Stelle Organic Cream Cheese Spread,4.79,"200 g, $2.40/100g",yogurt,Superstore
Peach Mango 2% M.F. Greek Yogurt,3.49,"4x100.0 g, $1.00/100g",yogurt,Superstore
Greek Yogourt Peach Passion Fruit 2 % M.F.,7.29,"650 g, $1.12/100g",yogurt,Superstore
"Fat Free Greek Yogurt, Vanilla Flavour, Blended, 0% M.F.",5.46,"750 g, $0.73/100g",yogurt,Superstore
"Méditerranée 9% Yogurt, Raspberry Cheesecake",4.59,"500 g, $0.92/100g",yogurt,Superstore
"0% Yogurt  Zero, Strawberry, Raspberry, Cherry, and Blueberry",6.29,"16x100.0 g, $0.39/100g",yogurt,Superstore
"Extra Creamy Greek Yogurt, Key Lime, 9% M.F., Value Tub",5.46,"650 g, $0.84/100g",yogurt,Superstore
"High Protein Greek Yogurt, Strawberry-Raspberry Flavour, Blended, Value Tub",5.46,"650 g, $0.84/100g",yogurt,Superstore
"Yogurt With Probiotics, Stawberry Raspberry Flavour",5.29,"8x100.0 g, $0.66/100g",yogurt,Superstore
"Yogurt With Probiotics, Vanilla Flavour Lactose-Free",5.29,"8x100.0 g, $0.66/100g",yogurt,Superstore
"Méditerranée 9% Yogurt, Coconut",4.59,"500 g, $0.92/100g",yogurt,Superstore
"Halal Yogurt, Plain 3%",3.19,"750 g, $0.43/100g",yogurt,Superstore
"Drinkable Greek Yogurt With Banana, Oats, & Seeds, 9G Protein",2.29,"190 ml, $1.21/100ml",yogurt,Superstore
"Organic Yogurt, Plain 3.5%",5.99,"650 g, $0.92/100g",yogurt,Superstore
"Yogurt, Mango Vanilla Cream 6%",3.69,"625 g, $0.59/100g",yogurt,Superstore
"Greek Yogurt, Variety Pack, Raspberry-Pomegranate / Key Lime / Vanilla / Strawberry Banana, Blended 2% M.F.",10.99,"12x100.0 g, $0.92/100g",yogurt,Superstore
Vanilla Protein Plant-Based Yogurt,6.99,"500 g, $1.40/100g",yogurt,Superstore
"Danino Strawberry-Banana Flavoured Paw Patrol Yogurt Drink for Kids, 6x93ml",2.97,"558 ml, $0.75/100ml",yogurt,Superstore
"Greek 5% Extra Creamy Yogurt, Plain, High Protein",7.29,"650 g, $1.12/100g",yogurt,Superstore
"Nano Strawberry Raspberry Drinkable Yogurt, 1%",18.49,"24x93.0 ml, $0.83/100ml",yogurt,Superstore
Greek Yogourt Blueberry 3 % M.F.,7.29,"650 g, $1.12/100g",yogurt,Superstore
"Greek 5% Extra Creamy Yogurt, Plain, High Protein",8.29,"900 g, $0.92/100g",yogurt,Superstore
"Yop 1% Drinkable Yogurt, Raspberry, Yogurt Drink",1.29,"200 ml, $0.65/100ml",yogurt,Superstore
"Méditerranée 10% Yogurt, Plain",7.29,"900 g, $0.81/100g",yogurt,Superstore
"Greek Yogurt, Limited Edition, Pink Lemonade Flavour",4.59,"4x100.0 g, $1.15/100g",yogurt,Superstore
Raspberry Pomegranate 2% M.F. Greek Yogurt,3.49,"4x100.0 g, $1.00/100g",yogurt,Superstore
"Greek 5% Extra Creamy Yogurt, Vanilla Bean, High Protein",4.99,"4x100.0 g, $1.25/100g",yogurt,Superstore
"Vegan Yogurt, Vanilla Coconut",6.49,"650 g, $1.00/100g",yogurt,Superstore
"Creamy Skyr Yogurt Vanilla Cinnamon, High Protein, 3.25%, 650G",6.49,"650 g, $1.00/100g",yogurt,Superstore
"Strawberry Yogurt 3.25%, Balkan Style ",3.69,"650 g, $0.57/100g",yogurt,Superstore
"Kéfir, Plain",6.49,"1 l, $0.65/100ml",yogurt,Superstore
"2% MF Greek Yogurt, Vanilla, Club Size",6.49,"1 kg, $0.65/100g",yogurt,Superstore
Source Protein Yogurt Strawberry 0% M.F.,4.99,"650 g, $0.77/100g",yogurt,Superstore
"Creamy Yogurt, Pineapple-Coconut-Banana, Vanilla, Lemon-Lime, and Peach-Mango 1.5%",6.29,"16x100.0 g, $0.39/100g",yogurt,Superstore
Strawberry 0% M.F. Greek Yogurt ,3.49,"4x100.0 g, $1.00/100g",yogurt,Superstore
"Méditerranée 9% Yogurt, Black Cherry",4.99,"4x100.0 g, $1.25/100g",yogurt,Superstore
Blueberry Fruit On The Bottom 0% M.F. Greek Yogurt,3.49,"4x100.0 g, $1.00/100g",yogurt,Superstore
Lactose Free Plain Greek Yogurt,5.00,"750 g, $0.67/100g",yogurt,Superstore
"Lactose Free Greek Yogurt, Plain, Fat Free, No Added Sugar, 0% M.F.",5.46,"750 g, $0.73/100g",yogurt,Superstore
Vanilla Greek Yogurt,5.00,"650 g, $0.77/100g",yogurt,Superstore
"Greek 5% Extra Creamy Yogurt, Raspberry, High Protein",4.99,"4x100.0 g, $1.25/100g",yogurt,Superstore
"Source 0% Smooth Traditional Yogurt, Peach, No Added Sugar",2.67,"630 g, $0.42/100g",yogurt,Superstore
"Skyr Yogurt Plain 3.6%, High Protein",6.49,"750 g, $0.87/100g",yogurt,Superstore
"Creamy Yogurt, Lactose Free Cherry, Lemon, Vanilla, and Blackberry-Blueberry 1.5%",6.29,"16x100.0 g, $0.39/100g",yogurt,Superstore
"Greek 2% Yogurt, Lemon, High Protein",7.29,"750 g, $0.97/100g",yogurt,Superstore
"Yogurt, Peach Cobbler, 6%",3.69,"625 g, $0.59/100g",yogurt,Superstore
"Extra Creamy Greek Yogurt, Vanilla Bean & Apricot, 9% M.F., Value Tub",5.46,"650 g, $0.84/100g",yogurt,Superstore
"Yogurt With Probiotics, Fat Free 0% Mf, Vanilla Flavour",3.89,"650 g, $0.68/100g",yogurt,Superstore
"Cherry Yogurt 3.25%, Balkan Style",3.69,"650 g, $0.57/100g",yogurt,Superstore
"Yogurt With Probiotics, Strawberry Flavour",5.50,"12x100.0 g, $0.46/100g",yogurt,Superstore
Plain 3% M.F. Yogurt,3.49,"750 g, $0.47/100g",yogurt,Superstore
"Yogurt, Raspberry White Chocolate 6%",3.69,"625 g, $0.59/100g",yogurt,Superstore
"Yogurt With Probiotics, Strawberry, Raspberry, Vanilla, Blueberry Flavour, 24XG",11.49,"24x100.0 g, $0.48/100g",yogurt,Superstore
"Probiotic Yogurt, 4X Blueberry, 4X Strawberry & Rhubarb, 8 Pack",5.29,"8x100.0 g, $0.66/100g",yogurt,Superstore
"Kéfir, Blueberry",6.49,"1 l, $0.65/100ml",yogurt,Superstore
"Organic Kefir, Plain",12.49,"2 l, $0.62/100ml",yogurt,Superstore
"Organic Yogurt, Blueberry 3%",5.99,"650 g, $0.92/100g",yogurt,Superstore
"Krema Greek Style Yogurt, Strawberry",5.29,"500 g, $1.06/100g",yogurt,Superstore
"Organic Yogurt, Vanilla 0%",5.99,"650 g, $0.92/100g",yogurt,Superstore
"Krema Greek Style Yogurt, Caffé Latt‚",5.29,"500 g, $1.06/100g",yogurt,Superstore
Coconut Milk Vegan Yogurt - Raspberry Blackcurrant,6.49,"500 g, $1.30/100g",yogurt,Superstore
"Halal Yogurt, Plain 2%",3.19,"750 g, $0.43/100g",yogurt,Superstore
Dairy-Free Coconut Milk Kefir,6.49,"1000 ml, $0.65/100ml",yogurt,Superstore
"Skyr Yogurt Strawberry 2%, High Protein, 4 units",4.99,"400 g, $1.25/100g",yogurt,Superstore
"Greek Yogurt, Vanilla Flavour, 2% M.F., Value Tub",5.46,"750 g, $0.73/100g",yogurt,Superstore
"Probiotics Yogurt Source of Fibre, Vanilla Flavoured",3.89,"625 g, $0.70/100g",yogurt,Superstore
"Danino Strawberry Flavoured Drinkable Yogurt, 6 bottles",2.97,"6x93.0 ml, $4.51/100ml",yogurt,Superstore
"Extra Creamy Greek Yogurt, Extra Creamy Plain 11%",5.46,"750 g, $0.73/100g",yogurt,Superstore
"High Protein Greek Yogurt, Zesty Lemon & Lime Flavour, Blended, Value Tub",5.46,"650 g, $0.84/100g",yogurt,Superstore
"Méditerranée 9% Yogurt, Apple Pie",4.59,"500 g, $0.92/100g",yogurt,Superstore
"Greek 2% Yogurt, Peach, High Protein",7.29,"750 g, $0.97/100g",yogurt,Superstore
"Skyr Yogurt Black Cherry 2%, High Protein",6.49,"650 g, $1.00/100g",yogurt,Superstore
"Stirred Yogurt, Peach",2.99,"650 g, $0.46/100g",yogurt,Superstore
Plain Greek Yogurt 5%,5.00,"650 g, $0.77/100g",yogurt,Superstore
"Greek 0% Lactose Free Yogurt, Plain, High Protein",7.29,"750 g, $0.97/100g",yogurt,Superstore
"Méditerranée 9% Yogurt, Vanilla",7.29,"900 g, $0.81/100g",yogurt,Superstore
"Drinkable Greek Yogurt With Field Berries, Oats, & Seeds, 9G Protein",2.29,"190 ml, $1.21/100ml",yogurt,Superstore
"Yogurt With Probiotics Lactose Free, Strawberry, Blueberry, Peach, Mango Flavour, 12XG",5.50,"12x100.0 g, $0.46/100g",yogurt,Superstore
"Danino Vanilla Flavoured Drinkable Yogurt for Kids, 6 Bottles",2.97,"558 ml, $0.75/100ml",yogurt,Superstore
"Yop 1% Drinkable Yogurt, Tropical, Yogurt Drink",1.29,"200 ml, $0.65/100ml",yogurt,Superstore
"Greek 0% Yogurt, Vanilla, High Protein",7.29,"750 g, $0.97/100g",yogurt,Superstore
"Drinkable Greek Yogurt High Protein, Strawberry flavoured",2.29,"190 ml, $1.21/100ml",yogurt,Superstore
"2% M.F. Greek Yogurt, Vanilla",5.00,"750 g, $0.67/100g",yogurt,Superstore
"Greek 2% Extra Fruit Pineapple, High Protein",7.29,"650 g, $1.12/100g",yogurt,Superstore
"Probiotic Smoothie, Blueberry, Strawberry, & Beet, Drinkable Yogurt",2.29,"190 ml, $1.21/100ml",yogurt,Superstore
"Dairy Free Plant Based Almond Yogurt, Vanilla Flavour",6.99,"640 g, $1.09/100g",yogurt,Superstore
Greek Yogourt Raspberry 3 % M.F.,7.29,"650 g, $1.12/100g",yogurt,Superstore
"Greek 5% Extra Creamy Yogurt, High Protein",7.29,"650 g, $1.12/100g",yogurt,Superstore
"Two Good, Strawberry Low Sugar Yogurt, 2g sugar, 8g protein",4.19,"380 g, $1.10/100g",yogurt,Superstore
"Greek Yogurt, Plain 2%",13.99,"1.75 kg, $0.80/100g",yogurt,Superstore
Plain Stirred 1% M.f. Yogurt,15.99,"4 kg, $0.40/100g",yogurt,Superstore
Source Yogurt Peach 0% M.F.,4.19,"400 g, $1.05/100g",yogurt,Superstore
"Probiotics Yogurt Source of Fibres, Strawberry-Wildberry-Mango",5.50,"1140 g, $0.48/100g",yogurt,Superstore
"Skyr Yogurt Banana 2%, High Protein",6.49,"650 g, $1.00/100g",yogurt,Superstore
" Skyr Yogurt Black Cherry 2%, High Protein, 4 units",4.99,"400 g, $1.25/100g",yogurt,Superstore
"Nano Drinkable Yogurt, Lactose Free, Apple-Grape 1%",4.99,"6x93.0 ml, $0.89/100ml",yogurt,Superstore
"Two Good Vanilla Yogurt, Low Sugar, 2g Sugar, 8g Protein",5.99,"625 g, $0.96/100g",yogurt,Superstore
"Yogurt With Probiotics, Lemon & Pineapple Flavour",5.29,"8x100.0 g, $0.66/100g",yogurt,Superstore
"Yop 3% Minigo Duo, Variety Pack, Kids Snack",2.67,"6x60.0 g, $0.74/100g",yogurt,Superstore
"Plant-based Coconut Unsweetened Yogurt, Vanilla Flavour",6.99,"650 g, $1.08/100g",yogurt,Superstore
"Greek 0% Lactose Free Yogurt, Vanilla, High Protein",7.29,"750 g, $0.97/100g",yogurt,Superstore
Plain Kefir Probiotic Fermented 1% M.F. Milk,4.99,"1 l, $0.50/100ml",yogurt,Superstore
Black Cherry Greek Yogurt,5.00,"750 g, $0.67/100g",yogurt,Superstore
"Source 0% Smooth Traditional Yogurt Cups Variety Pack, No Added Sugar",7.79,"16x100.0 g, $0.49/100g",yogurt,Superstore
"Méditerranée 9% Yogurt, Wild Blueberry",4.99,"4x100.0 g, $1.25/100g",yogurt,Superstore
"Plain Yogurt  2%, Balkan Style",3.69,"750 g, $0.49/100g",yogurt,Superstore
"Biobest Yogurt with Probiotics, Plain, 1% ",3.69,"750 g, $0.49/100g",yogurt,Superstore
"Two Good Vanilla Low Sugar Yogurt, 2g Sugar, 8g Protein",4.19,"380 g, $1.10/100g",yogurt,Superstore
Tubes Yogurt Bubble Gum Flavour Special Édition 1% M.F.,2.67,"448 g, $0.60/100g",yogurt,Superstore
"Dairy-Free Sour Cream, Plant-Based",5.99,"340 g, $1.76/100g",yogurt,Superstore
"Organic Yogurt, Plain 2%",5.99,"650 g, $0.92/100g",yogurt,Superstore
Krema Yogurt Honey 9% M.F.,5.99,"650 g, $0.92/100g",yogurt,Superstore
Coconut Milk Vegan Yogurt - Mango And Passion Fruit,6.49,"500 g, $1.30/100g",yogurt,Superstore
"Halal Yogurt, Plain 0%",3.19,"750 g, $0.43/100g",yogurt,Superstore
"Extra Creamy Greek Yogurt Lemon Meringue Flavour, 4% Mf",4.59,"4x95.0 g, $1.21/100g",yogurt,Superstore
"Yop 1% Drinkable Yogurt, Peach, Yogurt Drink",1.29,"200 ml, $0.65/100ml",yogurt,Superstore
Organic Plain Kefir Probiotic Fermented 1% M.F. Milk,6.49,"1 l, $0.65/100ml",yogurt,Superstore
"Vanilla Yogurt 3.25%, Balkan Style",3.69,"650 g, $0.57/100g",yogurt,Superstore
"Greek 3% Low Sugar Yogurt, Vanilla, High Protein",7.29,"750 g, $0.97/100g",yogurt,Superstore
"Probiotics Yogurt Source of Fibres, Vanilla/Blueberry/Strawberry-Kiwi/Peach",5.50,"1140 g, $0.48/100g",yogurt,Superstore
"Krema Yogurt, Vanilla 10%",5.99,"650 g, $0.92/100g",yogurt,Superstore
Balkan Style Yogurt Plain 11 % M.F. ,5.99,"500 g, $1.20/100g",yogurt,Superstore
Dahi,3.49,"750 g, $0.47/100g",yogurt,Superstore
Greek Black Cherry 2% MF Yogurt ,4.99,"4x100.0 g, $1.25/100g",yogurt,Superstore
Black Cherry 0% M.F. Greek Yogurt ,3.49,"4x100.0 g, $1.00/100g",yogurt,Superstore
"Creamy Yogurt, Strawberry 1.5%",10.99,"2 kg, $5.50/1ea",yogurt,Superstore
"Plain Yogurt 3%, Balkan Style",3.69,"750 g, $0.49/100g",yogurt,Superstore
Guava Passionfruit 8% Greek Yogurt,5.00,"650 g, $0.77/100g",yogurt,Superstore
"Méditerranée 9% Yogurt, Blackberry",4.59,"500 g, $0.92/100g",yogurt,Superstore
"Creamy Yogurt, Vanilla 1.5%",10.99,"2 kg, $0.55/100g",yogurt,Superstore
"Vanilla, Blueberry, Strawberry & Raspberry 0% M.F. Stirred Yogurt",4.99,"12x100.0 g, $0.42/100g",yogurt,Superstore
Greek Lemon 2% MF Yogurt,4.99,"4x100.0 g, $1.25/100g",yogurt,Superstore
Blueberry Stirred 1% M.F. Yogurt,2.99,"650 g, $0.46/100g",yogurt,Superstore
Honey Greek Yogurt,5.00,"750 g, $0.67/100g",yogurt,Superstore
Strawberry Kefir Probiotic Fermented 1% M.F. Milk,4.99,"1 l, $0.50/100ml",yogurt,Superstore
"Immune System, Probiotic Drinkable Yogurt, Vanilla, 8 Bottles",7.49,"744 ml, $1.01/100ml",yogurt,Superstore
Vanilla Kefir,4.99,"1000 ml, $0.50/100ml",yogurt,Superstore
"Greek Yogurt, Vanilla 2%",13.99,"1.75 kg, $0.80/100g",yogurt,Superstore
"Greek 0% Yogurt 4-Pack, Strawberry, High Protein and Probiotics",4.99,"4x100.0 g, $1.25/100g",yogurt,Superstore
"Greek 0% Yogurt, Plain, High Protein",8.29,"1000 g, $0.83/100g",yogurt,Superstore
"Drinkable Greek Yogurt High Protein, Vanilla flavoured",2.29,"190 ml, $1.21/100ml",yogurt,Superstore
"Greek 2% Yogurt, Coconut, High Protein",7.29,"750 g, $0.97/100g",yogurt,Superstore
"Yogurt with Probiotics, Lactose-free, Vanilla Flavour",3.89,"650 g, $0.68/100g",yogurt,Superstore
Vanilla 0% M.F. Greek Yogurt,3.49,"4x100.0 g, $1.00/100g",yogurt,Superstore
Raspberry Lychee Smash  2% Greek Yogurt,3.49,"400 g, $1.00/100g",yogurt,Superstore
"Organic Kefir Milk, Strawberry",6.49,"1000 ml, $0.65/100ml",yogurt,Superstore
"Vegan Yogurt, Plain Coconut",6.49,"650 g, $1.00/100g",yogurt,Superstore
"Nano Drinkable Yogurt, Cherry 1%",4.99,"6x93.0 ml, $0.89/100ml",yogurt,Superstore
"Organic Yogurt, Vanilla 3%",5.99,"650 g, $0.92/100g",yogurt,Superstore
"Yop 1% Drinkable Yogurt Pack, Strawberry and Vanilla, Yogurt Drinks",9.94,"2400 ml, $0.46/100ml",yogurt,Superstore
"Méditerranée 9% Yogurt, Orchard Peach",4.99,"4x100.0 g, $1.25/100g",yogurt,Superstore
Source Protein Yogurt Vanilla 0% M.F.,4.99,"650 g, $0.77/100g",yogurt,Superstore
"Méditerranée 9% Yogurt, Black Cherry",4.59,"500 g, $0.92/100g",yogurt,Superstore
Tubes Yogurt Cotton Candy Flavour 1% M.F.,2.67,"448 g, $0.60/100g",yogurt,Superstore
"Tubes Yogurt 1% M.F., Peach & Blueberry",2.67,"448 g, $0.60/100g",yogurt,Superstore
Cheddar Smokies ,10.99,"1 kg, $1.50/100g",sausage,Superstore
Original Smokies,10.99,"1 kg, $1.50/100g",sausage,Superstore
Original Breakfast Sausage,6.49,"375 g, $1.73/100g",sausage,Superstore
Maple Breakfast Sausage,6.49,"375 g, $1.73/100g",sausage,Superstore
Mild Italian Sausage,6.49,"500 g, $1.30/100g",sausage,Superstore
Cheddar Jalapeno Smokies Pork Sausages,10.99,"1000 g, $1.50/100g",sausage,Superstore
Free From Mild Italian Pork Sausages,7.99,"500 g, $1.60/100g",sausage,Superstore
Free From Original Breakfast Pork Sausages,6.99,"375 g, $1.86/100g",sausage,Superstore
Honey Garlic Smokies,10.99,"1 kg, $1.50/100g",sausage,Superstore
"Smoked Sausage, Classic Cheddar",8.49,"375 g, $2.26/100g",sausage,Superstore
Italian Smokies,10.99,"1 kg, $1.50/100g",sausage,Superstore
"Smoked Sausages, Cheese",11.00,"900 g, $1.22/100g",sausage,Superstore
Hot Italian Sausage,6.49,"500 g, $1.30/100g",sausage,Superstore
Original Bratwurst Sausage,6.49,"500 g, $1.30/100g",sausage,Superstore
October Wurst Fully Cooked Pork Sausages,10.99,"1 kg, $1.50/100g",sausage,Superstore
Ground Mild Italian Sausage,6.49,"375 g, $1.73/100g",sausage,Superstore
Brown Sugar & Honey Breakfast Sausage,6.49,"375 g, $1.73/100g",sausage,Superstore
Honey Garlic Sausage,6.49,"500 g, $1.30/100g",sausage,Superstore
"Smoked Sausage, Classic Recipe",8.49,"375 g, $2.26/100g",sausage,Superstore
Free From Maple Breakfast Pork Sausages,6.99,"375 g, $1.86/100g",sausage,Superstore
Free From Honey Garlic Flavoured Pork Sausages ,7.99,"500 g, $1.60/100g",sausage,Superstore
"Smoked Sausage, Cheddar",5.99,"375 g, $1.60/100g",sausage,Superstore
Original Smoked Sausages,11.00,"900 g, $1.22/100g",sausage,Superstore
Original Breakfast Sausage Rounds,6.49,"250 g, $2.60/100g",sausage,Superstore
Breakfast Sausage,10.00,"1.2 kg, $0.83/100g",sausage,Superstore
Free From Hot Italian Pork Sausages,7.99,"500 g, $1.60/100g",sausage,Superstore
Free From Bangers Pork Sausages,7.99,"500 g, $1.60/100g",sausage,Superstore
Daystarters Sausage Turkey ,6.99,"375 g, $1.86/100g",sausage,Superstore
Ultimate Chicken Wiener,6.99,"900 g, $0.78/100g",sausage,Superstore
Mild Italian Pork Sausages,12.86,"1.45 kg, $0.89/100g",sausage,Superstore
Free From Chorizo Pork Sausages,7.99,"500 g, $1.60/100g",sausage,Superstore
Sausage Mild Italian,7.99,"400 g, $2.00/100g",sausage,Superstore
Beyond Beef Grounds,7.99,"340 g, $2.35/100g",sausage,Superstore
Ground Hot Italian Sausage,6.49,"375 g, $1.73/100g",sausage,Superstore
Barese Sausage,6.00,"250 g, $2.40/100g",sausage,Superstore
Beyond Sausage Hot Italian,7.99,"400 g, $2.00/100g",sausage,Superstore
"Smoked Sausage, Spicy Sicilian",8.49,"375 g, $2.26/100g",sausage,Superstore
Jalapeño And Cheddar Smoked Sausages,5.99,"375 g, $1.60/100g",sausage,Superstore
Sausage Turkey Maple Flavour,6.99,"375 g, $1.86/100g",sausage,Superstore
"Free From Original Breakfast Pork Sausages, Club Pack",9.99,"750 g, $1.33/100g",sausage,Superstore
Smoked & Fully Cooked Sausages Pure Pork Smoked Bratwurst,5.99,"375 g, $1.60/100g",sausage,Superstore
Naturally Smoked Farmer Sausage,11.49,"500 g, $2.30/100g",sausage,Superstore
"Smoked Sausage, Polish Style",5.99,"375 g, $1.60/100g",sausage,Superstore
"Pork Sausages, Club Pack",18.17,$10.64/1kg $4.83/1lb,sausage,Superstore
Sweet Longanisa,4.99,"375 g, $1.33/100g",sausage,Superstore
"Smokie, Cheddar Smoked Sausage",4.49,"175 g, $2.57/100g",sausage,Superstore
Hot Italian Pork Sausages,12.86,"1.45 kg, $0.89/100g",sausage,Superstore
Lamb Tonight Lamb Kabobs Souvlaki Seasoned,14.99,"300 g, $5.00/100g",sausage,Superstore
Turkey Sausages Mild Italian,6.99,"500 g, $1.50/100g",sausage,Superstore
Farmer Sausage,17.00,"1 kg, $1.70/100g",sausage,Superstore
Italian Style Pork Meatballs,12.00,"1 kg, $1.20/100g",sausage,Superstore
Ultimate Chicken Breakfast Sausages Original,7.49,"375 g, $2.00/100g",sausage,Superstore
Cured Salt Pork,4.86,$19.82/1kg $8.99/1lb,sausage,Superstore
Pure Pork Sausages,21.99,"2 kg, $1.10/100g",sausage,Superstore
"Mennonite Style Sausage, Club Pack",17.00,"1 kg, $1.70/100g",sausage,Superstore
Pork Tocino,5.49,"375 g, $1.46/100g",sausage,Superstore
Simple Check Mini Hot Dogs Cheddar 225 g,3.00,"225 g, $1.33/100g",sausage,Superstore
Corn Dog,12.99,"1 kg, $1.30/100g",sausage,Superstore
Mini Smoked Farmer Sausages,11.49,"500 g, $2.30/100g",sausage,Superstore
"Pork Sausages, Honey & Fire Roasted Garlic",6.99,"675 g, $1.04/100g",sausage,Superstore
"Italian Style Pork Meatballs, Frozen",13.00,"1.4 kg, $0.93/100g",sausage,Superstore
Knackwurst Smoked Sausages,11.00,"900 g, $1.22/100g",sausage,Superstore
Sweet & Spicy Bbq Sausages Limited Edition,6.99,"500 g, $1.40/100g",sausage,Superstore
Beer Bratwurst Cooked Sausages,5.99,"375 g, $1.60/100g",sausage,Superstore
Garlic Farmers Sausage,8.99,"500 g, $1.80/100g",sausage,Superstore
Fully Cooked Sausage Gourmet Chicken Spinach Feta,5.99,"375 g, $1.60/100g",sausage,Superstore
"Bacon Twisters, Cheese & Jalapeno",6.99,"500 g, $1.40/100g",sausage,Superstore
Honey Garlic Flavour Pork Sausages Value Pack,13.00,"1.4 kg, $0.93/100g",sausage,Superstore
Turkey Sausages Hot Italian,6.99,"500 g, $1.50/100g",sausage,Superstore
"Breakfast Sausages, Tray Pack",5.69,$12.10/1kg $5.49/1lb,sausage,Superstore
Turkey Sausages Bratwurst,6.99,"500 g, $1.50/100g",sausage,Superstore
Ultimate Chicken Breakfast Sausages Maple Flavour,7.49,"375 g, $2.00/100g",sausage,Superstore
Lamb Tonight Lamb Burger Our Favourite,10.99,"284 g, $3.87/100g",sausage,Superstore
Free From Maple Breakfast Pork Sausages,9.99,"750 g, $1.33/100g",sausage,Superstore
Original Sizzlin Smokies,8.99,"450 g, $2.00/100g",sausage,Superstore
Hot Longanisa,4.99,"375 g, $1.33/100g",sausage,Superstore
Sweet Tocino,5.49,"375 g, $1.46/100g",sausage,Superstore
Gourmet Chicken Sweet Pepper Fully Cooked Sausage,5.99,"375 g, $1.60/100g",sausage,Superstore
Cheddar Smokies,8.99,"450 g, $2.00/100g",sausage,Superstore
"Pork Sausages, Parmesan & Cracked Pepper",6.99,"675 g, $1.04/100g",sausage,Superstore
Spicy Italian Fully-Cooked Sausages,6.99,"375 g, $1.86/100g",sausage,Superstore
Chicken Sausages,6.99,"375 g, $1.86/100g",sausage,Superstore
Hot Italian Jumbo Sausage,7.99,"675 g, $1.18/100g",sausage,Superstore
Marc Angelo Pork Sausages with Rapini and Parmigiano Reggiano Cheese 675 g,7.99,"675 g, $1.18/100g",sausage,Superstore
"Sausage Ring, Cheddar Jalapeno",8.99,"300 g, $3.00/100g",sausage,Superstore
Ultimate Dinner Sausage Hot,6.99,"500 g, $1.40/100g",sausage,Superstore
Spicy Three Cheese Jalapeo Smoked Sausage,8.49,"375 g, $2.26/100g",sausage,Superstore
"Smoked Sausage, Beef & Cheddar",6.99,"375 g, $1.86/100g",sausage,Superstore
Ultimate Mild Chicken Dinner Sausage,6.99,"500 g, $1.40/100g",sausage,Superstore
Beef Sausages,8.49,"375 g, $2.26/100g",sausage,Superstore
"Pork-Beef Breakfast Sausages, Club Pack",18.23,$10.64/1kg $4.83/1lb,sausage,Superstore
"Pork Sausages, Tray Pack",5.69,$12.10/1kg $5.49/1lb,sausage,Superstore
Bratwurst,7.49,"375 g, $2.00/100g",sausage,Superstore
Lamb Kabobs Kofta Ground,11.99,"300 g, $4.00/100g",sausage,Superstore
"Smokie, Original Smoked Sausages",4.49,"175 g, $2.57/100g",sausage,Superstore
"Italian Sausages, Hot",13.00,"1.4 kg, $0.93/100g",sausage,Superstore
Pork Breakfast Sausages,13.00,"1.2 kg, $1.08/100g",sausage,Superstore
"Italian Sausages, Hot",13.00,"1.4 kg, $0.93/100g",sausage,Superstore
"Italian Sausages, Sweet",13.00,"1.4 kg, $0.93/100g",sausage,Superstore
"Smokie, Poutine Smoked Sausage",4.49,"175 g, $2.57/100g",sausage,Superstore
"Pork Sausages, Fire Roasted Garlic & Basil",6.99,"675 g, $1.04/100g",sausage,Superstore
"Smoked Sausage, Buffalo Cheese",5.99,"375 g, $1.60/100g",sausage,Superstore
"Smoked Sausage, Doubled Smoked",5.99,"375 g, $1.60/100g",sausage,Superstore
"Cocktail Sausage Smokies, Original",9.99,"500 g, $2.00/100g",sausage,Superstore
"Smoked Sausage, Beef",6.99,"375 g, $1.86/100g",sausage,Superstore
Sizzlin' Smokies Bratwurst Smokies,7.29,"450 g, $1.62/100g",sausage,Superstore
Double Smoked Farmers Sausage,13.99,"500 g, $2.80/100g",sausage,Superstore
Jalapeno & Mozzerella Smokies,6.48,"450 g, $1.44/100g",sausage,Superstore
Honey Garlic Sausage Ring,8.99,"300 g, $3.00/100g",sausage,Superstore
"Breakfast Sausage, Cajun",6.49,"375 g, $1.73/100g",sausage,Superstore
"Italian Sausage, Sweet Basil",6.49,"500 g, $1.30/100g",sausage,Superstore
"Smokie, Hot Honey Smoked Sausage",4.49,"175 g, $2.57/100g",sausage,Superstore
Honey Garlic Flavoured Pork Sausages ,12.86,"1.45 kg, $0.89/100g",sausage,Superstore
Pork Breakfast Patties,13.00,"1.2 kg, $1.08/100g",sausage,Superstore
Breakfast Sausage,7.99,"235 g, $3.40/100g",sausage,Superstore
Lean Ground Veal ,8.99,"454 g, $1.98/100g",lamb_veal,Superstore
Free From Australian Lean Ground Lamb,13.99,"454 g, $3.08/100g",lamb_veal,Superstore
Free From Australian Lamb Boneless Leg ,33.44,$24.23/1kg $10.99/1lb,lamb_veal,Superstore
Free From Rosemary and Garlic Australian Lamb,22.32,$27.09/1kg $12.29/1lb,lamb_veal,Superstore
Free From Australian Lamb Shanks,23.79,$20.92/1kg $9.49/1lb,lamb_veal,Superstore
Sliced Lamb Shoulder Rolls,14.48,"340 g, $4.26/100g",lamb_veal,Superstore
Free From Australian Lamb Spiedini 24 Skewers,26.99,"480 g, $5.62/100g",lamb_veal,Superstore
Lamb Loin Chops,12.23,$33.05/1kg $15.00/1lb,lamb_veal,Superstore
Free From Australian Lamb Frenched Rack,34.38,$57.30/1kg $26.00/1lb,lamb_veal,Superstore
Bone in Lamb Stew,27.99,"1.25 kg, $2.24/100g",lamb_veal,Superstore
Lamb Shoulder Chops,19.29,$26.43/1kg $11.99/1lb,lamb_veal,Superstore
Free From Short Cut Leg Australian Lamb,60.78,$22.02/1kg $9.99/1lb,lamb_veal,Superstore
"Lamb Leg Short Cut, Frozen",36.96,$16.07/1kg $7.29/1lb,lamb_veal,Superstore
Lamb Rack Frenched Frozen,23.42,$48.48/1kg $22.00/1lb,lamb_veal,Superstore
Free From Greek Australian Lamb Sirloin Roast  ,20.56,$40.32/1kg $18.29/1lb,lamb_veal,Superstore
"Lamb Leg, Short Cut",39.05,$16.07/1kg $7.29/1lb,lamb_veal,Superstore
Whole Lamb Shoulder Chop,49.44,$22.02/1kg $9.99/1lb,lamb_veal,Superstore
Fresh Lamb Leg - Short Cut,51.62,$21.58/1kg $9.79/1lb,lamb_veal,Superstore
SunGold Specialty Meats Ltd Lamb Tonight Merguez Lamb Sausage,11.99,"375 g, $3.20/100g",lamb_veal,Superstore
"Chicken Souvlaki, Value Pack",13.99,"480 g, $2.91/100g",kebabs_marinatedMeat,Superstore
"Pork Souvlaki, Value Pack",12.99,"640 g, $2.03/100g",kebabs_marinatedMeat,Superstore
Seasoned Pork Shoulder Blade Carnitas,13.99,"900 g, $1.55/100g",kebabs_marinatedMeat,Superstore
Seasoned Pork Loin Roast Greek,13.99,"730 g, $1.92/100g",kebabs_marinatedMeat,Superstore
Seasoned Pork Loin Roast Maple Apple Flavour,13.99,"730 g, $1.92/100g",kebabs_marinatedMeat,Superstore
Bacon Wrapped Beef,13.99,"340 g, $4.11/100g",kebabs_marinatedMeat,Superstore
Chicken Breast Medallions Bacon Wrapped 452 g,13.99,"452 g, $3.10/100g",kebabs_marinatedMeat,Superstore
"Bacon Twisters, Bacon Wrapped Chicken Skewers",8.99,"280 g, $3.21/100g",kebabs_marinatedMeat,Superstore
"Lamb Skewers, Middle Eastern Style",9.99,"240 g, $4.16/100g",kebabs_marinatedMeat,Superstore
"Bacon Wrapped Beef Medallion, Value Pack",28.99,"678 g, $4.28/100g",kebabs_marinatedMeat,Superstore
Souvlaki Turkey Breast Kabobs,10.39,"320 g, $3.25/100g",kebabs_marinatedMeat,Superstore
Hawaiian Style Bacon Wrapped Pork Loin Centre Cut Roast,13.99,"600 g, $2.33/100g",kebabs_marinatedMeat,Superstore
Bbq Flavour Bacon Wrapped Pork Loin Centre Cut Roast,12.99,"600 g, $2.17/100g",kebabs_marinatedMeat,Superstore
Sweet Chili Lime Pork Sirloin Roast,12.99,"800 g, $1.62/100g",kebabs_marinatedMeat,Superstore
Stuffed Pork Tenderloin,13.59,"600 g, $2.27/100g",kebabs_marinatedMeat,Superstore
Turkey Breast Roast Wrap Bacon,17.49,"600 g, $2.92/100g",kebabs_marinatedMeat,Superstore
Bacon Wrapped Turkey,10.99,"340 g, $3.23/100g",kebabs_marinatedMeat,Superstore
Lean Ground Beef,7.49,"0.45 kg, $1.66/100g",beef,Superstore
Medium Ground Beef,6.49,"450 g, $1.44/100g",beef,Superstore
Thick & Juicy™ Prime Rib Beef Burger,14.00,"1.13 kg, $1.24/100g",beef,Superstore
Extra Lean Ground Beef,8.49,"0.45 kg, $1.89/100g",beef,Superstore
"Lean Ground Beef, Club Pack",23.31,$12.76/1kg $5.79/1lb,beef,Superstore
Thick & Juicy™ Sirloin Beef Burgers ,14.00,"1.13 kg, $1.24/100g",beef,Superstore
Free From Angus Beef Burger,14.00,"1.02 kg, $1.37/100g",beef,Superstore
Thick & Juicy™ Beef Burgers  ,14.00,"1.36 kg, $1.03/100g",beef,Superstore
Thick & Juicy™ Chicken Burgers ,13.00,"1.13 kg, $1.15/100g",beef,Superstore
Beef Burger 4 Oz,12.00,"1.36 kg, $0.88/100g",beef,Superstore
"Certified Angus Beef, Extra Lean Ground Sirloin",10.00,"454 g, $2.20/100g",beef,Superstore
"Extra Lean Ground Beef, Club Pack",33.01,$15.41/1kg $6.99/1lb,beef,Superstore
Free From Lean Ground Beef,9.00,"454 g, $1.98/100g",beef,Superstore
Sirloin Beef Burger,14.00,"1.02 kg, $1.37/100g",beef,Superstore
The Ultimate Canadiana Burger,14.00,"852 g, $1.64/100g",beef,Superstore
Wagyu Beef Burgers,12.00,"568 g, $2.11/100g",beef,Superstore
Lean Beef Burgers  ,14.00,"1.13 kg, $1.24/100g",beef,Superstore
Angus Burger,14.00,"1.02 kg, $1.37/100g",beef,Superstore
Lean Ground Beef & Pork,16.95,$12.54/1kg $5.69/1lb,beef,Superstore
Medium Ground Beef,5.79,"454 g, $1.28/100g",beef,Superstore
Italian Meatballs,10.00,"1.5 kg, $0.67/100g",beef,Superstore
Lean Ground Beef,7.29,"454 g, $1.61/100g",beef,Superstore
"Regular Ground Beef, Club Pack",30.60,$12.32/1kg $5.59/1lb,beef,Superstore
Beef Stew Meat,18.05,$20.92/1kg $9.49/1lb,beef,Superstore
Beef Striploin Fast Fry Steak,13.97,$46.27/1kg $20.99/1lb,beef,Superstore
Italian Meatballs,9.99,"680 g, $1.47/100g",beef,Superstore
Sirloin Tip Roast,29.05,$24.23/1kg $10.99/1lb,beef,Superstore
Inside Round Roast,29.61,$28.64/1kg $12.99/1lb,beef,Superstore
Beef Eye Of Round Fast Fry Steak,6.92,$26.43/1kg $11.99/1lb,beef,Superstore
Beef Inside Round Roast Club Pack ,40.56,$22.02/1kg $9.99/1lb,beef,Superstore
"Certified Angus Beef, Top Sirloin Steak, Club Pack",31.46,$31.94/1kg $14.49/1lb,beef,Superstore
"Beef Outside Round Roast, Club Pack",49.50,$22.02/1kg $9.99/1lb,beef,Superstore
Prime Beef Striploin Grilling Steak,21.33,$53.99/1kg $24.50/1lb,beef,Superstore
Beef Boneless Prime Rib Steak,22.63,$63.92/1kg $29.00/1lb,beef,Superstore
Lean Ground Beef Club ,16.55,$12.54/1kg $5.69/1lb,beef,Superstore
"Blade Steak, Boneless ,Club Pack",29.00,$24.23/1kg $10.99/1lb,beef,Superstore
"Top Sirloin, Fast Fry",6.35,$30.84/1kg $13.99/1lb,beef,Superstore
Top Sirloin Steak,10.64,$30.84/1kg $13.99/1lb,beef,Superstore
"Beef Tenderloin, Club Pack",49.83,$79.34/1kg $36.00/1lb,beef,Superstore
Prime Rib Beef Burger,18.99,"1.02 kg, $1.86/100g",beef,Superstore
Beef Honeycomb Tripe,19.38,$21.58/1kg $9.79/1lb,beef,Superstore
Sirloin Beef Meatballs,16.99,"907 g, $1.87/100g",beef,Superstore
Halal Stewing Beef,13.22,$26.43/1kg $11.99/1lb,beef,Superstore
"Certified Angus Beef Rib Cap Off Grilling Steak, Club Pack",45.89,$51.79/1kg $23.50/1lb,beef,Superstore
Certified Angus Beef Inside Round Roast,29.26,$29.74/1kg $13.49/1lb,beef,Superstore
Beef Stir-Fry Strips,9.12,$26.43/1kg $11.99/1lb,beef,Superstore
Free From Bison Burgers,14.00,"512 g, $2.73/100g",beef,Superstore
"Beef Burgers, Fully Cooked",34.99,"2.27 kg, $1.54/100g",beef,Superstore
"Beef Burgers, Fully Cooked",34.99,"2.27 kg, $1.54/100g",beef,Superstore
Extra Lean Ground Beef,8.29,"454 g, $1.83/100g",beef,Superstore
Italian Chicken Meatballs,16.99,"850 g, $2.00/100g",beef,Superstore
Sirloin Tip Steak,10.87,$25.11/1kg $11.39/1lb,beef,Superstore
Kofta Beef Meatballs,9.00,"454 g, $1.98/100g",beef,Superstore
Beef Blade Steak Boneless,11.05,$26.43/1kg $11.99/1lb,beef,Superstore
"T-Bone Beef Steak, Club Pack",50.39,$46.27/1kg $20.99/1lb,beef,Superstore
"Beef Cap-off Rib Steak, Club Pack",50.71,$48.48/1kg $22.00/1lb,beef,Superstore
Sirloin Lean Ground Beef,12.00,"650 g, $1.85/100g",beef,Superstore
Beef Liver,6.61,$14.31/1kg $6.49/1lb,beef,Superstore
Beef Top Sirloin Oven Roast,41.17,$30.84/1kg $13.99/1lb,beef,Superstore
Swedish Meatballs,10.00,"1.5 kg, $0.67/100g",beef,Superstore
"Top Sirloin Steak, Club Pack",24.67,$24.23/1kg $10.99/1lb,beef,Superstore
Free From Turkey Meatballs,16.99,"800 g, $2.12/100g",beef,Superstore
Free From Striploin Steak,14.28,$52.89/1kg $24.00/1lb,beef,Superstore
T-Bone Beef Steak,22.16,$48.48/1kg $22.00/1lb,beef,Superstore
Swedish Beef Meatballs,16.99,"907 g, $1.87/100g",beef,Superstore
"Certified Angus Beef, Premium Prime Rib Roast",62.14,$53.99/1kg $24.50/1lb,beef,Superstore
Prime Rib Roast,111.24,$50.68/1kg $22.99/1lb,beef,Superstore
"BBQ Beef Burgers, Hickory Flavour",13.00,"1.13 kg, $1.15/100g",beef,Superstore
Beef Burgers,13.00,"1.13 kg, $1.15/100g",beef,Superstore
Outside Round Steak,8.99,$24.23/1kg $10.99/1lb,beef,Superstore
Simulated Meat Burger Patties Made From Plants,7.99,"226 g, $3.54/100g",beef,Superstore
Cubed Lean Beef,11.83,$28.64/1kg $12.99/1lb,beef,Superstore
"Certified Angus Beef, T-Bone Steak",22.50,$50.68/1kg $22.99/1lb,beef,Superstore
Free From Boneless Stewing Beef,14.99,"454 g, $3.30/100g",beef,Superstore
"Blade Roast, Boneless",32.56,$26.43/1kg $11.99/1lb,beef,Superstore
Certified Angus Beef Eye Of Round Marinating Steak,12.17,$28.64/1kg $12.99/1lb,beef,Superstore
"Certified Angus Beef, T-Bone Steak, Club Pack",50.32,$48.48/1kg $22.00/1lb,beef,Superstore
Sliced Beef Plate Rolls,13.48,"340 g, $3.96/100g",beef,Superstore
Beef Eye Sirloin Steak,6.85,$26.43/1kg $11.99/1lb,beef,Superstore
Beef Kidney,5.96,$10.78/1kg $4.89/1lb,beef,Superstore
"Whole Beef Shank, Frozen",9.64,$16.51/1kg $7.49/1lb,beef,Superstore
"Beef Outside Round Marinating Steak, Club Pack",22.55,$22.02/1kg $9.99/1lb,beef,Superstore
Beef Inside Round Steak,10.20,$28.64/1kg $12.99/1lb,beef,Superstore
Beyond Burger Plant-Based,8.29,"226 g, $3.67/100g",beef,Superstore
Beef Short Ribs Braising ,20.86,$31.94/1kg $14.49/1lb,beef,Superstore
Outside Round Roast,25.76,$24.23/1kg $10.99/1lb,beef,Superstore
Thick & Juicy Beef Burgers,25.99,"2.72 kg, $0.96/100g",beef,Superstore
Free From Angus Beef Meatball,16.99,"850 g, $2.00/100g",beef,Superstore
Top Sirloin Steak,33.05,$33.05/1kg,beef,Superstore
Beef Flank Steak,21.22,$33.05/1kg $15.00/1lb,beef,Superstore
"Certified Angus Beef Strip Loin Steak, Club Pack",45.43,$48.48/1kg $22.00/1lb,beef,Superstore
"Navel Beef, 4LB",30.49,"1.814 kg, $1.68/100g",beef,Superstore
"Thick & Juicy Bear Paw Burgers, case",48.00,"4.54 kg, $1.06/100g",beef,Superstore
Halal Diced Beef,13.99,"454 g, $3.08/100g",beef,Superstore
Eye Of Round Beef Steak,11.42,$26.43/1kg $11.99/1lb,beef,Superstore
"Burger C/Pack 20'S 5Lb, Club Pack",22.00,"2.27 kg, $0.97/100g",beef,Superstore
"Certified Angus Beef, Sirloin Tip Roast",29.27,$28.64/1kg $12.99/1lb,beef,Superstore
"Certified Angus Beef, Marinated Sirloin Tip Steak",10.08,$28.64/1kg $12.99/1lb,beef,Superstore
Halal Gf Strip Loin Steak,9.92,$39.66/1kg $17.99/1lb,beef,Superstore
Halal Lean Ground Beef,9.94,$16.51/1kg $7.49/1lb,beef,Superstore
Beef Blade Steak,22.41,$23.13/1kg $10.49/1lb,beef,Superstore
Beef Striploin Steak,15.22,$46.27/1kg $20.99/1lb,beef,Superstore
Beef Oxtail,14.03,$28.64/1kg $12.99/1lb,beef,Superstore
"Beef Feet, Frozen",9.87,$14.31/1kg $6.49/1lb,beef,Superstore
Certified Angus Beef Eye Of Round Oven Roast,31.16,$28.64/1kg $12.99/1lb,beef,Superstore
"SHAQ Half Pound Patties,100% Angus Beef ",17.99,"907 g, $1.98/100g",beef,Superstore
Beef Fast Fry T-Bone Steak,13.19,$48.48/1kg $22.00/1lb,beef,Superstore
"Top Sirloin Roast Boneless, Club Pack",36.10,$24.23/1kg $10.99/1lb,beef,Superstore
"Certified Angus Beef, Blade Roast Boneless",29.87,$28.64/1kg $12.99/1lb,beef,Superstore
Free From Flank Steak,17.17,$41.87/1kg $19.00/1lb,beef,Superstore
"Beef Sirloin Tip Steak, Club Pack",24.93,$22.91/1kg $10.39/1lb,beef,Superstore
Halal Beef Burgers,18.00,"907 g, $1.98/100g",beef,Superstore
Beef Simmering Short Ribs,23.89,$31.94/1kg $14.49/1lb,beef,Superstore
Certified Angus Beef Grilling Ribeye Steak Boneless,22.21,$66.11/1kg $30.00/1lb,beef,Superstore
Beef Burger,10.00,"900 g, $1.11/100g",beef,Superstore
Beef Inside Round Steak Fast Fry,5.93,$28.64/1kg $12.99/1lb,beef,Superstore
Free From Lamb Burgers,14.00,"568 g, $2.46/100g",beef,Superstore
Thick & Juicy Turkey Burgers,14.00,"1.13 kg, $1.24/100g",beef,Superstore
Beef Tenderloin Steak,27.30,$83.75/1kg $38.00/1lb,beef,Superstore
Free From Boneless Rib Steak,19.17,$66.12/1kg $30.00/1lb,beef,Superstore
"Beef Boneless Rib Steak, Club Pack",49.44,$59.50/1kg $27.00/1lb,beef,Superstore
Sliced Beef Rolls,13.48,"340 g, $3.96/100g",beef,Superstore
Angus Beef Meatballs,16.99,"907 g, $1.87/100g",beef,Superstore
"Italian Style Beef Meatballs,",16.99,"907 g, $1.87/100g",beef,Superstore
"Beef Eye of Round Marinating Steak, Club Pack",26.05,$24.23/1kg $10.99/1lb,beef,Superstore
Beef Blade Eye Portion,57.49,$22.02/1kg $9.99/1lb,beef,Superstore
Angus Beef Meatballs,16.99,"907 g, $1.87/100g",beef,Superstore
"Certified Angus Beef, Strip Loin Steak",14.95,$50.68/1kg $22.99/1lb,beef,Superstore
"Certified Angus Beef, Premium Top Sirloin Roast",33.88,$34.15/1kg $15.49/1lb,beef,Superstore
"Beef Blade Roast, Boneless, Club Pack",47.47,$24.23/1kg $10.99/1lb,beef,Superstore
"Certified Angus Beef, Top Sirloin Grilling Steak",11.99,$34.15/1kg $15.49/1lb,beef,Superstore
Italian Beef Meatballs,16.99,"907 g, $1.87/100g",beef,Superstore
Beef Soup Bones,7.91,$10.56/1kg $4.79/1lb,beef,Superstore
"Eye Of Round Roast, Club Pack",52.97,$24.23/1kg $10.99/1lb,beef,Superstore
Free From Top Sirloin Steak,16.66,$39.66/1kg $17.99/1lb,beef,Superstore
Beef Meatballs,9.99,"680 g, $1.47/100g",beef,Superstore
"Beef Burger, Club Pack",25.99,"2.27 kg, $1.14/100g",beef,Superstore
Umami Wagyu Burgers,12.00,"568 g, $2.11/100g",beef,Superstore
Beef Burgers,14.00,"678 g, $2.06/100g",beef,Superstore
Boneless Skinless Chicken Breasts,16.00,"1 ea, $16.00/1ea",chicken_turkey,Superstore
Minced Turkey,8.00,"454 g, $1.76/100g",chicken_turkey,Superstore
"Pub Style Chicken Strips, Fully Cooked",10.99,"700 g, $1.57/100g",chicken_turkey,Superstore
Chicken Thighs  boneless Skinless 8 Pack,16.00,"1 ea, $16.00/1ea",chicken_turkey,Superstore
Ground Chicken,8.00,"454 g, $1.76/100g",chicken_turkey,Superstore
"Chicken Breast, Boneless, Skinless",15.00,"1 ea, $15.00/1ea",chicken_turkey,Superstore
"Chicken Breasts, Boneless, Skinless, Club Pack",24.16,$12.96/1kg $5.88/1lb,chicken_turkey,Superstore
"Pub Style Chicken Nugget, Fully Cooked",10.99,"700 g, $1.57/100g",chicken_turkey,Superstore
"Pub Style Chicken Burger, Fully Cooked",10.99,"700 g, $1.57/100g",chicken_turkey,Superstore
"Free From Chicken Breast, Boneless, Skinless",16.04,$30.84/1kg $13.99/1lb,chicken_turkey,Superstore
Chicken Strips,10.00,"1.5 kg, $0.67/100g",chicken_turkey,Superstore
"Air Chilled Chicken Breast Fillets, Boneless, Skinless",12.00,"1 ea, $12.00/1ea",chicken_turkey,Superstore
"Popcorn Chicken, Fully Cooked",10.99,"700 g, $1.57/100g",chicken_turkey,Superstore
Chicken Leg Frozen (Back Attached),17.00,"5 kg, $0.34/100g",chicken_turkey,Superstore
Pork Belly Burnt Ends,14.00,"500 g, $2.80/100g",chicken_turkey,Superstore
"Free From Chicken Breast, Boneless, Skinless, Club Pack",25.68,$24.23/1kg $10.99/1lb,chicken_turkey,Superstore
Chicken Nuggets,10.00,"1.5 kg, $0.67/100g",chicken_turkey,Superstore
"Air Chilled Chicken Thighs, Bone-in, Skin-on",12.00,"1 ea, $12.00/1ea",chicken_turkey,Superstore
"Pub Style Chicken Fries, Fully Cooked",10.99,"700 g, $1.57/100g",chicken_turkey,Superstore
Boneless Skinless Chicken Breast,27.00,"1.505 kg, $1.79/100g",chicken_turkey,Superstore
"Pub Recipe Chicken Strips, Fully Cooked",7.00,"700 g, $1.00/100g",chicken_turkey,Superstore
Boneless Skinless Chicken Breast,15.00,"645 g, $2.33/100g",chicken_turkey,Superstore
"Chicken Wings, Crisp & Crunchy Mild Southern-Style ",14.99,"907 g, $1.65/100g",chicken_turkey,Superstore
Gluten Free Chicken Strips,7.00,"600 g, $1.17/100g",chicken_turkey,Superstore
Boneless Skinless Chicken Breasts,28.00,1.41 kg,chicken_turkey,Superstore
Chicken Breast Fillet Fr,15.00,"925 g, $1.62/100g",chicken_turkey,Superstore
Chicken Leg Quarters Club Pack,17.51,$9.46/1kg $4.29/1lb,chicken_turkey,Superstore
"Chicken Fries, Fully Cooked",10.00,"1.5 kg, $0.67/100g",chicken_turkey,Superstore
Extra Lean Ground Turkey,8.00,"454 g, $1.76/100g",chicken_turkey,Superstore
Breaded Chicken Cutlettes Chicken Strips,6.00,"908 g, $0.66/100g",chicken_turkey,Superstore
Frozen Grade A Turkey 7-9 Kg,61.52,$7.69/1kg $3.49/1lb,chicken_turkey,Superstore
Free From Skin On Turkey Drumsticks,6.09,$12.10/1kg $5.49/1lb,chicken_turkey,Superstore
Chicken Breast Roast Wild Rice & Mushroom Stuffing,14.99,"1 kg, $1.50/100g",chicken_turkey,Superstore
Breaded Chicken Cutlettes Chicken Nuggets Club Size,10.99,"1810 g, $0.61/100g",chicken_turkey,Superstore
"Frozen Utility Turkey, 3-5kg",31.07,$7.03/1kg $3.19/1lb,chicken_turkey,Superstore
Halal Chicken Nuggets,10.00,"840 g, $1.19/100g",chicken_turkey,Superstore
Chicken Wings Honey & Garlic Flavoured,15.99,"780 g, $2.05/100g",chicken_turkey,Superstore
Too Good To Be Wings Maple Barbecue Boneless Coated Chicken Breast Chunks,14.99,"800 g, $1.87/100g",chicken_turkey,Superstore
Grade A Fresh Turkey 11 Kg and Up,66.42,$8.14/1kg $3.69/1lb,chicken_turkey,Superstore
"Pub Recipe Chicken Strips, Fully Cooked, Club Size",10.99,"1.4 kg, $0.79/100g",chicken_turkey,Superstore
Jerk Chicken Wings,14.99,"907 g, $1.65/100g",chicken_turkey,Superstore
"Free From Chicken Thigh, Boneless, Skinless",12.12,$24.23/1kg $10.99/1lb,chicken_turkey,Superstore
Back Attached Chicken Legs,12.00,"1.6 kg, $0.75/100g",chicken_turkey,Superstore
"Frozen Utility Turkey, 11kg and up",108.43,$7.03/1kg $3.19/1lb,chicken_turkey,Superstore
Halal Whole Chicken,13.00,"1.55 kg, $0.84/100g",chicken_turkey,Superstore
Skin-on Chicken Legs,10.00,"1.28 kg, $0.78/100g",chicken_turkey,Superstore
Grade A Fresh Turkey 7-9 Kg,56.24,$7.03/1kg $3.19/1lb,chicken_turkey,Superstore
"Chicken Roaster, Frozen",20.52,$9.68/1kg $4.39/1lb,chicken_turkey,Superstore
Free From Whole Chicken,22.32,$13.21/1kg $5.99/1lb,chicken_turkey,Superstore
Halal Chicken Strips,10.00,"840 g, $1.19/100g",chicken_turkey,Superstore
Homestyle Stuffing,7.29,"900 g, $0.81/100g",chicken_turkey,Superstore
Frozen Whole Frying Chicken,11.90,$6.61/1kg $3.00/1lb,chicken_turkey,Superstore
Popcorn Chicken Bites,10.00,"1.13 kg, $0.88/100g",chicken_turkey,Superstore
Free From Split Turkey Breast ,12.10,$16.51/1kg $7.49/1lb,chicken_turkey,Superstore
"Boneless Chicken Bites, Honey Garlic",16.99,"710 g, $2.39/100g",chicken_turkey,Superstore
"Free From Chicken Thigh, Bone-in, Skin-on",10.04,$17.62/1kg $7.99/1lb,chicken_turkey,Superstore
Boneless Chicken Bites Buffalo,16.99,"710 g, $2.39/100g",chicken_turkey,Superstore
"Turkey 3-5KG, Frozen",18.00,"1 ea, $18.00/1ea",chicken_turkey,Superstore
Nashville Breaded Chicken Bites,14.99,"700 g, $2.14/100g",chicken_turkey,Superstore
"Turkey, 5-7KG Frozen",24.00,"1 ea, $24.00/1ea",chicken_turkey,Superstore
Extra Lean Ground Chicken ,8.00,"454 g, $1.76/100g",chicken_turkey,Superstore
Gluten Free Chicken Nuggets,7.00,"600 g, $1.17/100g",chicken_turkey,Superstore
"Frozen Utility Turkey, 9-11kg",66.22,$7.03/1kg $3.19/1lb,chicken_turkey,Superstore
"Free from Butter Infused Turkey  5-7 Kg, Frozen",40.00,"1 ea, $40.00/1ea",chicken_turkey,Superstore
Frozen Chicken Breasts Organic Extra Lean,32.79,"1 kg, $3.28/100g",chicken_turkey,Superstore
Halal Barbeque Chicken Wings,17.99,"908 g, $1.98/100g",chicken_turkey,Superstore
"Chicken Thighs, Club Pack",27.73,$10.56/1kg $4.79/1lb,chicken_turkey,Superstore
"Chicken Wings Club Pack, Honey Garlic",26.99,"1.81 kg, $1.49/100g",chicken_turkey,Superstore
Turkey Breast Roast,20.54,$21.58/1kg $9.79/1lb,chicken_turkey,Superstore
Grade A Fresh Turkey  5 Kg,31.64,$7.03/1kg $3.19/1lb,chicken_turkey,Superstore
Breaded Chicken Breast Fillets,18.99,"908 g, $2.09/100g",chicken_turkey,Superstore
Halal Breaded Chicken Burgers,10.00,"828 g, $1.21/100g",chicken_turkey,Superstore
Crisp & Crunchy Spicy Southern-Style Chicken Wings,14.99,"907 g, $1.65/100g",chicken_turkey,Superstore
Fresh Turkey 5 Kg and Down,39.19,$8.36/1kg $3.79/1lb,chicken_turkey,Superstore
Chicken Breast Strips,11.49,"800 g, $1.44/100g",chicken_turkey,Superstore
"Halal Chicken Wings, Club Pack",24.00,"2 kg, $1.20/100g",chicken_turkey,Superstore
Breaded Chicken Burgers,11.49,"800 g, $1.44/100g",chicken_turkey,Superstore
Crisp & Crunchy Mild Southern-Style Chicken Wings,26.99,"1.81 kg, $1.49/100g",chicken_turkey,Superstore
Grade A Fresh Turkey 5-7 Kg,50.16,$8.36/1kg $3.79/1lb,chicken_turkey,Superstore
Frozen Chicken Fries,11.49,"800 g, $1.44/100g",chicken_turkey,Superstore
Free From Split Turkey Wings,6.39,$14.31/1kg $6.49/1lb,chicken_turkey,Superstore
"Butter Infused Young Turkey - 3-5 kg, Frozen",28.00,1 kg,chicken_turkey,Superstore
Frozen Turkey 7-9 Kg,48.00,"8 kg, $0.60/100g",chicken_turkey,Superstore
Nashville-Style Chicken Wings,14.99,"907 g, $1.65/100g",chicken_turkey,Superstore
World of Flavours Chicken Legs Skin-On Jerk,16.51,$16.51/1kg $7.49/1lb,chicken_turkey,Superstore
Rotisserie-Style Chicken Wings,14.99,"907 g, $1.65/100g",chicken_turkey,Superstore
Chicken Breast Portion Boneless Skinless,38.65,"1 ea, $38.65/1ea",chicken_turkey,Superstore
Utility Frozen Turkey 9-11 Kg,40.99,"1 ea, $40.99/1ea",chicken_turkey,Superstore
"Frozen Turkey, 5-7 Kg",38.00,"6 kg, $0.63/100g",chicken_turkey,Superstore
"Turkey 7-9KG, Frozen",32.99,"1 ea, $32.99/1ea",chicken_turkey,Superstore
Frozen Grade A Turkey 5-7 Kg,46.14,$7.69/1kg $3.49/1lb,chicken_turkey,Superstore
"Chicken Burger, Club Pack",10.99,"1810 g, $0.61/100g",chicken_turkey,Superstore
"Honey Garlic Chicken Wings, Club Pack",23.99,"1.81 kg, $1.33/100g",chicken_turkey,Superstore
"Butter-Infused Turkey Crown, Frozen",34.99,"2.5 kg, $1.40/100g",chicken_turkey,Superstore
Free From Skinless Boneless Turkey Breast Strips,9.09,$27.54/1kg $12.50/1lb,chicken_turkey,Superstore
Frozen Organic Whole Turkey,92.47,$13.21/1kg $5.99/1lb,chicken_turkey,Superstore
Bone in Skin on Chicken Thighs,9.00,"840 g, $1.07/100g",chicken_turkey,Superstore
"Fully Cooked, Breaded Chicken Nuggets Cutlettes",6.00,"908 g, $0.66/100g",chicken_turkey,Superstore
Chicken Breast Nuggets,11.49,"800 g, $1.44/100g",chicken_turkey,Superstore
Frozen Popcorn Chicken,11.49,"800 g, $1.44/100g",chicken_turkey,Superstore
"Chicken Wings, Honey Garlic",14.99,"908 g, $1.65/100g",chicken_turkey,Superstore
Buffalo Wings Spicy,17.99,"908 g, $1.98/100g",chicken_turkey,Superstore
Buffalo Chicken Wings,14.99,"908 g, $1.65/100g",chicken_turkey,Superstore
Boneless Stuffed Turkey Ball Frozen,21.49,"1.5 kg, $1.43/100g",chicken_turkey,Superstore
Free From Turkey Breast Scaloppine,9.91,$27.54/1kg $12.50/1lb,chicken_turkey,Superstore
Butter Infused Young Turkey - Frozen - 5-7 kg,38.00,1 ea,chicken_turkey,Superstore
BBQ Chickens Bites,16.99,"710 g, $2.39/100g",chicken_turkey,Superstore
Medium Buffalo-Style Chicken Wings,14.99,"907 g, $1.65/100g",chicken_turkey,Superstore
World of Flavours Chicken Southern BBQ,22.78,$16.51/1kg $7.49/1lb,chicken_turkey,Superstore
Gochujang Sweet & Spicy Chicken Wings,14.99,"907 g, $1.65/100g",chicken_turkey,Superstore
"Turkey, 9-11KG Frozen",58.00,"10 kg, $0.58/100g",chicken_turkey,Superstore
Frozen Stuffed Turkey 5-7 Kg,43.00,"6 kg, $0.72/100g",chicken_turkey,Superstore
Butter Infused Young Turkey - Frozen - 7-9kg,48.00,1 kg,chicken_turkey,Superstore
"Too Good To Be Wings, Honey Garlic",14.99,"800 g, $1.87/100g",chicken_turkey,Superstore
Gluten Free Chicken Burgers,7.00,"600 g, $1.17/100g",chicken_turkey,Superstore
"Chicken Strips, Club Pack",10.99,"1810 g, $0.61/100g",chicken_turkey,Superstore
Everything Seasoned Breaded Chicken Breast Strips,14.99,"750 g, $2.00/100g",chicken_turkey,Superstore
"Fully Cooked, Breaded Chicken Burgers",6.00,"908 g, $0.66/100g",chicken_turkey,Superstore
Chicken Mozzarella,10.00,"1 kg, $1.00/100g",chicken_turkey,Superstore
Honey Garlic Chicken Wings,14.99,"700 g, $2.14/100g",chicken_turkey,Superstore
"Too Good To Be Wings Boneless Chicken Breast Chunks, Butter Buffalo",14.99,"800 g, $1.87/100g",chicken_turkey,Superstore
"Chicken Nuggets, Club Pack",10.99,"1.4 kg, $0.79/100g",chicken_turkey,Superstore
Chicken Burgers,10.99,"908 g, $1.21/100g",chicken_turkey,Superstore
"Air Chilled Ground Turkey, Tray Pack",9.32,$19.82/1kg $8.99/1lb,chicken_turkey,Superstore
"Chicken Wings, Mild BBQ",14.99,"908 g, $1.65/100g",chicken_turkey,Superstore
Chicken Wings Salt & Cracked Black Pepper,15.99,"780 g, $2.05/100g",chicken_turkey,Superstore
Easy Carve Turkey with Traditional Cranberry Stuffing,57.99,"3.85 kg, $1.51/100g",chicken_turkey,Superstore
Frozen Grade A Turkey 3-5 Kg,30.76,$7.69/1kg $3.49/1lb,chicken_turkey,Superstore
"Frozen Grade A Turkey, Whole Over 11 Kg",79.08,$6.59/1kg $2.99/1lb,chicken_turkey,Superstore
"Whole Fryer Chicken, 3 Pack",41.18,$10.56/1kg $4.79/1lb,chicken_turkey,Superstore
Chicken Drumsticks,14.00,"1.575 kg, $0.89/100g",chicken_turkey,Superstore
Bone in Skin on Chicken Thighs,14.00,"1.54 kg, $0.91/100g",chicken_turkey,Superstore
Halal Stuffed Chicken Mozzarella,10.99,"568 g, $1.93/100g",chicken_turkey,Superstore
Free From Turkey Thighs,8.24,$13.21/1kg $5.99/1lb,chicken_turkey,Superstore
Pub Style Turkey Nuggets,10.99,"600 g, $1.83/100g",chicken_turkey,Superstore
Honey Garlic Chicken Wings,14.99,"907 g, $1.65/100g",chicken_turkey,Superstore
"Chicken Flatened Portugese, Piri- Piri",23.94,$16.51/1kg,chicken_turkey,Superstore
"Butter Infused Stuffed Turkey  5-7 Kg, Frozen",43.00,1 kg,chicken_turkey,Superstore
Crispy Southern Style Chicken,18.99,"1 kg, $1.90/100g",chicken_turkey,Superstore
Grade A Fresh Turkey 9-11 Kg,70.30,$7.03/1kg $3.19/1lb,chicken_turkey,Superstore
Fresh Turkey 5-7 Kg,46.45,$8.36/1kg $3.79/1lb,chicken_turkey,Superstore
Breaded Chicken Burger,10.00,"1.5 kg, $0.67/100g",chicken_turkey,Superstore
Halal Frozen Turkey,43.30,$8.14/1kg $3.69/1lb,chicken_turkey,Superstore
"Butter-Infused Stuffed Turkey Crown, Frozen",36.00,"3 kg, $1.20/100g",chicken_turkey,Superstore
Salt & Pepper Chicken Wings,14.99,"908 g, $1.65/100g",chicken_turkey,Superstore
Supreme Crunch Halal Spicy Chicken Drumsticks,11.99,"720 g, $1.67/100g",chicken_turkey,Superstore
Fresh Turkey 7 Kg and Up,53.76,$7.91/1kg $3.59/1lb,chicken_turkey,Superstore
Breaded Chicken Strips,7.00,"600 g, $1.17/100g",chicken_turkey,Superstore
"Frozen Utility Turkey, 5-7kg",41.45,$6.59/1kg $2.99/1lb,chicken_turkey,Superstore
"Chicken Drumsticks, Halal",9.00,"840 g, $1.07/100g",chicken_turkey,Superstore
"Chicken Wings, Medium BBQ",14.99,"908 g, $1.65/100g",chicken_turkey,Superstore
Frozen Grade A Turkey 9-11 Kg,76.90,$7.69/1kg $3.49/1lb,chicken_turkey,Superstore
"Boneless Turkey Breast Roast, Frozen ",22.79,"1.5 kg, $1.52/100g",chicken_turkey,Superstore
Salt and Pepper Turkey Wings,14.99,"907 g, $1.65/100g",chicken_turkey,Superstore
"Turkey Breast Roast with Traditional Cranberry Stuffing, Frozen",18.99,"1 kg, $1.90/100g",chicken_turkey,Superstore
Free From Turkey Breast Fillet,6.82,$22.69/1kg $10.29/1lb,chicken_turkey,Superstore
Free From Boneless Skinless Turkey Breast,9.39,$25.33/1kg $11.49/1lb,chicken_turkey,Superstore
"Butter Infused Young Turkey, Frozen  9-11kg",58.00,1 ea,chicken_turkey,Superstore
Turkey Strips,10.99,"600 g, $1.83/100g",chicken_turkey,Superstore
Dry-Rubbed Hardwood-Smoked Chicken Wings,14.99,"800 g, $1.87/100g",chicken_turkey,Superstore
"Frozen Turkey, 3-5 Kg",28.00,"4 kg, $0.70/100g",chicken_turkey,Superstore
"Free From Split Chicken Breasts, Bone-in, Skin-on",12.33,$17.62/1kg $7.99/1lb,chicken_turkey,Superstore
"Fryer Chicken, Whole Head & Feet On",2.02,$7.69/1kg $3.49/1lb,chicken_turkey,Superstore
"Extra Lean Ground Chicken, Raised on Canadian Farms",8.00,"454 g, $1.76/100g",chicken_turkey,Superstore
Gochujang Sweet & Spicy Chicken Bites,14.99,"700 g, $2.14/100g",chicken_turkey,Superstore
Frozen Stuffed Turkey 7-9 Kg,53.00,"8 kg, $0.66/100g",chicken_turkey,Superstore
Free From Crisp & Crunchy Mild Southern-Style Chicken Wings,14.99,"700 g, $2.14/100g",chicken_turkey,Superstore
Free From Lean Ground Pork,5.49,"454 g, $1.21/100g",pork_ham,Superstore
"Fully Cooked Pork Back Ribs, Smokin Stampede",10.99,"500 g, $2.20/100g",pork_ham,Superstore
"Free From Boneless Centre Pork Chop, Club Pack",18.34,$15.41/1kg $6.99/1lb,pork_ham,Superstore
Original Half Ham,15.99,"700 g, $2.28/100g",pork_ham,Superstore
"Medium Ground Pork, Club Pack",18.04,$11.00/1kg $4.99/1lb,pork_ham,Superstore
Ground Pork,10.00,"750 g, $1.33/100g",pork_ham,Superstore
Premium Lean Hickory Smoked Ham Steak,5.99,"454 g, $1.32/100g",pork_ham,Superstore
Smokin Stampede Pork Back Ribs Frozen,12.99,"680 g, $1.91/100g",pork_ham,Superstore
Honey Barbecue Pork Back Ribs,12.99,"680 g, $1.91/100g",pork_ham,Superstore
Dry-Rubbed Sea Salt & Black Pepper Pork Back Ribs,12.99,"680 g, $1.91/100g",pork_ham,Superstore
Smokin' Honey Fully Cooked Pork Back Ribs,10.99,"500 g, $2.20/100g",pork_ham,Superstore
Carolina Gold Sauce Pork Back Ribs,10.99,"500 g, $2.20/100g",pork_ham,Superstore
BBQ Pork Ribs,13.99,"600 g, $2.33/100g",pork_ham,Superstore
Free From Pork Loin Combo Chops,17.14,$11.66/1kg $5.29/1lb,pork_ham,Superstore
"Free From, Fast Fry Boneless Pork Loin Centre Cut",10.25,$20.92/1kg $9.49/1lb,pork_ham,Superstore
97% Fat Free Lower Sodium Smoked Ham,15.99,"700 g, $2.28/100g",pork_ham,Superstore
Lethbridge Pork Tenderloin,6.55,$12.10/1kg $5.49/1lb,pork_ham,Superstore
Pork Combo Chops,17.29,$11.00/1kg $4.99/1lb,pork_ham,Superstore
"Free from Bone in Center Cut chop Fast Fry, Club Size",23.23,$16.51/1kg $7.49/1lb,pork_ham,Superstore
Lethbridge Boneless Pork Leg Roast,15.31,$15.40/1kg $6.99/1lb,pork_ham,Superstore
Boneless Pork Bites,6.99,"400 g, $1.75/100g",pork_ham,Superstore
"Free From Bone In Pork Center Cut Chops, Tray Pack",7.86,$15.41/1kg $6.99/1lb,pork_ham,Superstore
"Free From Boneless Rib End Pork Chops, Tray Pack",5.81,$15.41/1kg $6.99/1lb,pork_ham,Superstore
"Free From Bone In Fast Fry Pork Center Cut, Tray Pack",10.90,$16.51/1kg $7.49/1lb,pork_ham,Superstore
Frozen Pork Back Ribs,28.14,$11.00/1kg $4.99/1lb,pork_ham,Superstore
"Free From Pork Side Slices, Tray Pack",5.75,$19.82/1kg $8.99/1lb,pork_ham,Superstore
Montana's Texan BBQ Ribs,13.99,"650 g, $2.15/100g",pork_ham,Superstore
"Free From Pork Breast Bones, Tray Pack",4.07,$5.49/1kg $2.49/1lb,pork_ham,Superstore
Honey Garlic Pork Tenderloin,12.99,"680 g, $1.91/100g",pork_ham,Superstore
"Pork Chops Center Cut, Club Pack",11.90,$9.90/1kg $4.49/1lb,pork_ham,Superstore
Pork Half Loin,26.40,$8.80/1kg $3.99/1lb,pork_ham,Superstore
Free From Pork Tenderloin,15.56,$15.41/1kg $6.99/1lb,pork_ham,Superstore
"Free From Pork Tenderloin, Club Pack",27.90,$14.31/1kg $6.49/1lb,pork_ham,Superstore
"Lethbridge Pork Butt Roast, Boneless",20.22,$17.61/1kg $7.99/1lb,pork_ham,Superstore
"Free From Pork Leg Roast, Tray Pack",14.76,$15.41/1kg $6.99/1lb,pork_ham,Superstore
Smoked Pork Hocks,11.65,$9.90/1kg $4.49/1lb,pork_ham,Superstore
"Free From Pork Shoulder Blade Steaks, Tray Pack",12.53,$15.41/1kg $6.99/1lb,pork_ham,Superstore
Free From Smoked Ham,14.49,"700 g, $2.07/100g",pork_ham,Superstore
Lethbridge Pork Back Ribs,10.15,$19.48/1kg $8.84/1lb,pork_ham,Superstore
"Free From Pork Back Ribs, Club Pack",31.74,$15.41/1kg $6.99/1lb,pork_ham,Superstore
Original Natural Smoked Ham,14.49,"600 g, $2.42/100g",pork_ham,Superstore
"Free From Pork Side Ribs Sweet & Sour, Tray Pack",19.95,$13.21/1kg $5.99/1lb,pork_ham,Superstore
Pork Liver,9.44,$14.30/1kg $6.49/1lb,pork_ham,Superstore
Lethbridge Pork Frenched Rib Chop Bone In,9.67,$20.92/1kg $9.49/1lb,pork_ham,Superstore
Natural Smoked Black Forest Ham,14.99,"600 g, $2.50/100g",pork_ham,Superstore
Pork Side Rib Briskets,5.18,$6.59/1kg $2.99/1lb,pork_ham,Superstore
"Pork Loin Bone-in Rib End Chop, Club Pack",18.46,$14.31/1kg $6.49/1lb,pork_ham,Superstore
Pork Sirloin End Chops,3.56,$8.80/1kg $3.99/1lb,pork_ham,Superstore
"Pork Loin Bone-in Rib End Chop, Club Pack",18.46,$14.31/1kg $6.49/1lb,pork_ham,Superstore
Pork Tenderloin Spinach & Feta Cheese,11.49,"500 g, $2.30/100g",pork_ham,Superstore
Chinese Pork Tenderloin,12.99,"680 g, $1.91/100g",pork_ham,Superstore
"Pork Chop Rib End, Club Pack",10.60,$8.80/1kg $3.99/1lb,pork_ham,Superstore
"Lethbridge Pork Centre Cut Chop, Bone In",8.87,$18.72/1kg $8.49/1lb,pork_ham,Superstore
Lethbridge Pork Loin Centre Cut Chop Boneless,7.64,$17.17/1kg $7.79/1lb,pork_ham,Superstore
"Cooked Rotisserie Chicken Legs, 3 Pieces",13.99,"600 g, $2.33/100g",pork_ham,Superstore
"Lethbridge Pork Rib Chop, Boneless",8.18,$18.72/1kg $8.49/1lb,pork_ham,Superstore
"Free From Boneless Pork Centre Chop Loin Roast, Club Pack",40.17,$17.62/1kg $7.99/1lb,pork_ham,Superstore
Free From Pork Side Rib Breast,21.77,$12.88/1kg $5.84/1lb,pork_ham,Superstore
Original Ham Steak,7.49,"175 g, $4.28/100g",pork_ham,Superstore
Free From Pork Stewing Cubes,8.32,$15.41/1kg $6.99/1lb,pork_ham,Superstore
"Boneless Rib End Pork Chops, Club Pack",18.59,$13.87/1kg $6.29/1lb,pork_ham,Superstore
Free From Pork Back Ribs,22.26,$22.02/1kg $9.99/1lb,pork_ham,Superstore
Boneless Smoked Ham,19.99,"1500 g, $1.33/100g",pork_ham,Superstore
"Free From Pork Bone In Picnic Roast, Tray Pack",22.31,$13.20/1kg $5.99/1lb,pork_ham,Superstore
Fully Cooked & Seasoned Pork Tenderloin,13.99,"400 g, $3.50/100g",pork_ham,Superstore
"Free From Bone In Rib End Chops, Tray Pack",9.09,$14.31/1kg $6.49/1lb,pork_ham,Superstore
Sliced Smoked Halal Chicken Breast Roast,4.99,"200 g, $2.50/100g",pork_ham,Superstore
"Free from Pork Centre Cut Chop Bone In, Club Pack",16.18,$15.41/1kg $6.99/1lb,pork_ham,Superstore
"Free From Boneless Center Cut Loin Roast, Tray Pack",14.10,$18.72/1kg $8.49/1lb,pork_ham,Superstore
"Free From Pork Leg Roast, Club Pack",26.03,$14.30/1kg $6.49/1lb,pork_ham,Superstore
Fully Cooked Ham,13.00,"800 g, $1.63/100g",pork_ham,Superstore
"Free From Bone In Pork Sirloin Chops, Tray Pack",9.95,$14.31/1kg $6.49/1lb,pork_ham,Superstore
"Free From Pork Shoulder Blade Steaks, Club Pack",33.01,$15.41/1kg $6.99/1lb,pork_ham,Superstore
Free From Pork Stir Fry,6.73,$16.29/1kg $7.39/1lb,pork_ham,Superstore
Quarter Toupie Style Smoked Ham,11.70,$8.80/1kg $3.99/1lb,pork_ham,Superstore
Lethbridge Boness Pork Legs Stew,6.51,$15.40/1kg $6.99/1lb,pork_ham,Superstore
Smoked Original Bone-In Ham,46.31,$17.61/1kg $7.99/1lb,pork_ham,Superstore
"Free From Side Pork Piece, Tray Pack",13.87,$18.72/1kg $8.49/1lb,pork_ham,Superstore
Honey Ham,18.00,"1.3 kg, $1.38/100g",pork_ham,Superstore
Black Forest Ham,18.00,"1.3 kg, $1.38/100g",pork_ham,Superstore
Sliced Cooked Chicken Breast Roast,4.99,"200 g, $2.50/100g",pork_ham,Superstore
Free From Center Cut Loin Roast Fillet,12.17,$18.72/1kg $8.49/1lb,pork_ham,Superstore
Lethbridge Pork Leg Steak Boneless,5.08,$15.40/1kg $6.99/1lb,pork_ham,Superstore
Smoked Whole Ham,40.99,$9.90/1kg $4.49/1lb,pork_ham,Superstore
Cook's Portion Ham,36.17,$8.80/1kg $3.99/1lb,pork_ham,Superstore
Pork Tenderloin Herbs & Parmesan Cheese,11.49,"500 g, $2.30/100g",pork_ham,Superstore
"Free From Pork Riblets, Tray Pack",5.54,$11.00/1kg $4.99/1lb,pork_ham,Superstore
"Free From Boneless Sirloin Chops, Club Pack",19.49,$14.31/1kg $6.49/1lb,pork_ham,Superstore
"Free From Bone In Picnic Roast, Club Pack",36.19,$11.00/1kg $4.99/1lb,pork_ham,Superstore
"Pork Back Ribs, Honey Garlic",13.99,"600 g, $2.33/100g",pork_ham,Superstore
Free From Boneless Pork Center Cut Chop,10.11,$19.82/1kg $8.99/1lb,pork_ham,Superstore
"Free From Pork Hocks, Tray Pack",10.70,$11.00/1kg $4.99/1lb,pork_ham,Superstore
"Free From Pork Shoulder Roast, Tray Pack",25.12,$15.41/1kg $6.99/1lb,pork_ham,Superstore
"Pork Loin Sirloin Chops, Club Pack",18.88,$12.10/1kg $5.49/1lb,pork_ham,Superstore
Hickory Smoked Classic Cut Bacon,3.99,"375 g, $2.66/100g",bacon,Superstore
Hickory Smoked 50% Less Salt Bacon,3.99,"375 g, $2.40/100g",bacon,Superstore
Bacon,7.99,"500 g, $1.60/100g",bacon,Superstore
Old-Fashioned Style Bacon,14.99,"1 kg, $1.50/100g",bacon,Superstore
Reduced Salt Bacon  ,7.99,"500 g, $1.60/100g",bacon,Superstore
Original Natural Bacon,8.99,"375 g, $2.40/100g",bacon,Superstore
Mild Sugar-Cured Bacon,7.00,"500 g, $1.40/100g",bacon,Superstore
Smokehouse Bacon,4.49,"500 g, $0.90/100g",bacon,Superstore
Free From Bacon Naturally Smoked,7.99,"0.375 kg, $2.13/100g",bacon,Superstore
Ready Crisp Fully Cooked Natural Bacon Slices,7.49,"65 g, $11.52/100g",bacon,Superstore
"Turkey, Bacon Style",6.99,"375 g, $1.86/100g",bacon,Superstore
"Bacon, Mild Sugar Cured with Reduced Salt, Uncooked",7.00,"500 g, $1.40/100g",bacon,Superstore
Lazy Maple Natural Bacon,8.99,"375 g, $2.40/100g",bacon,Superstore
Maple Flavoured Naturally Smoked Bacon,7.99,"500 g, $1.60/100g",bacon,Superstore
Bacon-Rasher Turkey     ,6.99,"300 g, $2.33/100g",bacon,Superstore
Free From Bacon Style Turkey,7.99,"300 g, $2.66/100g",bacon,Superstore
Chicken Bacon-Style,5.49,"375 g, $1.46/100g",bacon,Superstore
Extra Thick Cut Bacon,12.99,"1 kg, $1.30/100g",bacon,Superstore
Dry Cured Bacon,8.99,"500 g, $1.80/100g",bacon,Superstore
Double Smoked Back Bacon,8.49,"375 g, $2.26/100g",bacon,Superstore
Free From Naturally Smoked Fully Cooked Bacon,6.49,"65 g, $9.98/100g",bacon,Superstore
Free From Maple Flavoured Bacon,7.99,"375 g, $2.13/100g",bacon,Superstore
Applewood Smoked Bacon,7.99,"375 g, $2.13/100g",bacon,Superstore
Chicken Breakfast Strips,5.49,"375 g, $1.46/100g",bacon,Superstore
Free From Naturally Smoked Fully Cooked Thick Sliced Bacon,6.49,"65 g, $9.98/100g",bacon,Superstore
Smoky Bonfire Double-Smoked Bacon,7.99,"375 g, $2.13/100g",bacon,Superstore
Double Smoked Thick Cut Bacon,8.99,"375 g, $2.40/100g",bacon,Superstore
Sliced Back Bacon,8.49,"250 g, $3.40/100g",bacon,Superstore
Wiltshire Bacon Rashers,7.99,"250 g, $3.20/100g",bacon,Superstore
Sweet Ghost Pepper Bacon,7.99,"375 g, $2.13/100g",bacon,Superstore
Steak-Cut Smoked Bacon Stacon Uncooked,8.99,"500 g, $1.80/100g",bacon,Superstore
Side Bacon,14.99,"500 g, $3.00/100g",bacon,Superstore
"Free From Bacon Pieces, Fully Cooked",5.99,"85 g, $7.05/100g",bacon,Superstore
Cornmeal Back Bacon,11.48,$27.54/1kg $12.50/1lb,bacon,Superstore
Smokehouse Bacon Ends,14.99,"2 kg, $0.75/100g",bacon,Superstore
Sliced Mild Sugar Cured Bacon,23.72,$15.40/1kg $6.99/1lb,bacon,Superstore
Mild Sugar Cured Bacon,20.80,$15.41/1kg $6.99/1lb,bacon,Superstore
Applewood Bacon,14.99,"500 g, $3.00/100g",bacon,Superstore
Family Pack Bacon,28.49,"4x375.0 g, $1.90/100g",bacon,Superstore
Juicy Jumbos Original Hot Dogs,9.99,"450 g, $2.22/100g",hotdogs,Superstore
Juicy Jumbos All Beef Hot Dogs,9.99,"375 g, $2.66/100g",hotdogs,Superstore
Original Hot Dogs,4.00,"450 g, $0.89/100g",hotdogs,Superstore
Natural Top Dogs Original Hot Dogs,6.49,"375 g, $1.73/100g",hotdogs,Superstore
Chicken Hot Dogs,3.00,"450 g, $0.67/100g",hotdogs,Superstore
Chicken Wiener,3.49,"450 g, $0.78/100g",hotdogs,Superstore
All Beef Hot Dogs,8.49,"375 g, $2.26/100g",hotdogs,Superstore
Free From Wieners,5.49,"375 g, $1.46/100g",hotdogs,Superstore
Natural Top Dogs BBQ Hot Dogs,6.49,"375 g, $1.73/100g",hotdogs,Superstore
Smoked Wieners,8.99,"675 g, $1.33/100g",hotdogs,Superstore
Chicken Wieners Original,3.49,"450 g, $0.78/100g",hotdogs,Superstore
Hot Dogs Chicken Club Pack,6.99,"1.5 kg, $0.47/100g",hotdogs,Superstore
Natural Top Dogs Less Salt Hot Dogs,5.99,"375 g, $1.60/100g",hotdogs,Superstore
All-Beef Wieners,6.99,"450 g, $1.55/100g",hotdogs,Superstore
"Naturally Smoked Wieners, All Beef",9.99,"675 g, $1.48/100g",hotdogs,Superstore
Juicy Jumbos Original Hot Dogs Family Pack,12.99,"900 g, $1.44/100g",hotdogs,Superstore
Classic Street Cart Sausages™,7.00,"500 g, $1.40/100g",hotdogs,Superstore
Original Hot Dogs Club Pack,9.99,"1.5 kg, $0.67/100g",hotdogs,Superstore
"Natural Top Dogs Original Hot Dogs, Family Size",12.49,"900 g, $1.39/100g",hotdogs,Superstore
Turkey Franks,4.99,"450 g, $1.11/100g",hotdogs,Superstore
Street Cart Sausages™ Cheddar Cheese,7.00,"500 g, $1.40/100g",hotdogs,Superstore
Classic Hot Dogs,6.99,"375 g, $1.86/100g",hotdogs,Superstore
Cheddar Hot Dogs,6.99,"375 g, $1.86/100g",hotdogs,Superstore
"Natural Top Dogs BBQ Hot Dogs, Family Pack",11.99,"900 g, $1.33/100g",hotdogs,Superstore
"Ultimate Chicken Wiener, Spicy",6.99,"900 g, $0.78/100g",hotdogs,Superstore
"Halal Hot Dog, Supreme",7.99,"900 g, $0.89/100g",hotdogs,Superstore
Free From Pork Frankfurters,6.49,"375 g, $1.73/100g",hotdogs,Superstore
Jumbo Smoked Wieners ,9.00,"675 g, $1.33/100g",hotdogs,Superstore
Halal Chicken Wieners,3.99,"450 g, $0.89/100g",hotdogs,Superstore
Spicy Supreme Chicken Frankfurters,7.99,"900 g, $0.89/100g",hotdogs,Superstore
"All Beef Wieners, Club Pack",21.99,"1.5 kg, $1.47/100g",hotdogs,Superstore
European Wieners,12.49,"500 g, $2.50/100g",hotdogs,Superstore
"Chicken Stix, Fully Cooked",9.49,"300 g, $3.16/100g",hotdogs,Superstore
Sausage Snacks Original Fully Cooked Chicken Sticks,9.49,"300 g, $3.16/100g",hotdogs,Superstore
Wieners,8.49,"450 g, $1.89/100g",hotdogs,Superstore
All Beef Farmer's Sausage,9.99,"375 g, $2.66/100g",hotdogs,Superstore
Boneless Skinless Chicken Breast,27.00,"1.505 kg, $1.79/100g",HalalMeat,Superstore
Boneless Skinless Chicken Breast,15.00,"645 g, $2.33/100g",HalalMeat,Superstore
Chicken Wieners Original,3.49,"450 g, $0.78/100g",HalalMeat,Superstore
Bone in Skin on Chicken Thighs,9.00,"840 g, $1.07/100g",HalalMeat,Superstore
Bone in Skin on Chicken Thighs,14.00,"1.54 kg, $0.91/100g",HalalMeat,Superstore
Extra Lean Ground Chicken ,8.00,"454 g, $1.76/100g",HalalMeat,Superstore
"Chicken Drumsticks, Halal",9.00,"840 g, $1.07/100g",HalalMeat,Superstore
Chicken Drumsticks,14.00,"1.575 kg, $0.89/100g",HalalMeat,Superstore
Skin-on Chicken Legs,10.00,"1.28 kg, $0.78/100g",HalalMeat,Superstore
Back Attached Chicken Legs,12.00,"1.6 kg, $0.75/100g",HalalMeat,Superstore
Chicken Bologna,4.99,"375 g, $13.31/1kg $1.33/100g",HalalMeat,Superstore
Halal Whole Chicken,13.00,"1.55 kg, $0.84/100g",HalalMeat,Superstore
Halal Lean Ground Beef,9.94,$16.51/1kg $7.49/1lb,HalalMeat,Superstore
Chicken Breakfast Strips,5.49,"375 g, $1.46/100g",HalalMeat,Superstore
Free From Australian Lean Ground Lamb,13.99,"454 g, $3.08/100g",HalalMeat,Superstore
"Halal Chicken Wings, Club Pack",24.00,"2 kg, $1.20/100g",HalalMeat,Superstore
Halal Chicken Nuggets,10.00,"840 g, $1.19/100g",HalalMeat,Superstore
Halal Breaded Chicken Burgers,10.00,"828 g, $1.21/100g",HalalMeat,Superstore
"Halal Hot Dog, Supreme",7.99,"900 g, $0.89/100g",HalalMeat,Superstore
Sliced Smoked Halal Chicken Breast Roast,4.99,"200 g, $2.50/100g",HalalMeat,Superstore
Halal Chicken Strips,10.00,"840 g, $1.19/100g",HalalMeat,Superstore
Halal Chicken Wieners,3.99,"450 g, $0.89/100g",HalalMeat,Superstore
Chicken Breast Nuggets,11.49,"800 g, $1.44/100g",HalalMeat,Superstore
Free From Australian Lamb Boneless Leg ,33.44,$24.23/1kg $10.99/1lb,HalalMeat,Superstore
Spicy Supreme Chicken Frankfurters,7.99,"900 g, $0.89/100g",HalalMeat,Superstore
Sliced Cooked Chicken Breast Roast,4.99,"200 g, $2.50/100g",HalalMeat,Superstore
Chicken Breast Strips,11.49,"800 g, $1.44/100g",HalalMeat,Superstore
Free From Rosemary and Garlic Australian Lamb,22.32,$27.09/1kg $12.29/1lb,HalalMeat,Superstore
Halal Sliced Chicken Bologna,6.49,"500 g, $1.30/100g",HalalMeat,Superstore
Breaded Chicken Burgers,11.49,"800 g, $1.44/100g",HalalMeat,Superstore
Chicken Burgers,10.99,"908 g, $1.21/100g",HalalMeat,Superstore
Free From Australian Lamb Shanks,23.79,$20.92/1kg $9.49/1lb,HalalMeat,Superstore
Halal Stewing Beef,13.22,$26.43/1kg $11.99/1lb,HalalMeat,Superstore
Halal Gf Strip Loin Steak,9.92,$39.66/1kg $17.99/1lb,HalalMeat,Superstore
Halal Stuffed Chicken Mozzarella,10.99,"568 g, $1.93/100g",HalalMeat,Superstore
Spicy Italian Fully-Cooked Sausages,6.99,"375 g, $1.86/100g",HalalMeat,Superstore
Chicken Sausages,6.99,"375 g, $1.86/100g",HalalMeat,Superstore
Frozen Popcorn Chicken,11.49,"800 g, $1.44/100g",HalalMeat,Superstore
Halal Diced Beef,13.99,"454 g, $3.08/100g",HalalMeat,Superstore
Lamb Loin Chops,12.23,$33.05/1kg $15.00/1lb,HalalMeat,Superstore
Free From Short Cut Leg Australian Lamb,60.78,$22.02/1kg $9.99/1lb,HalalMeat,Superstore
Bone in Lamb Stew,27.99,"1.25 kg, $2.24/100g",HalalMeat,Superstore
Lamb Rack Frenched Frozen,23.42,$48.48/1kg $22.00/1lb,HalalMeat,Superstore
Halal Barbeque Chicken Wings,17.99,"908 g, $1.98/100g",HalalMeat,Superstore
Frozen Chicken Fries,11.49,"800 g, $1.44/100g",HalalMeat,Superstore
Buffalo Wings Spicy,17.99,"908 g, $1.98/100g",HalalMeat,Superstore
Top Sirloin Steak,33.05,$33.05/1kg,HalalMeat,Superstore
Goat Stew Bone In,23.99,"1 kg, $2.40/100g",HalalMeat,Superstore
Whole Lamb Shoulder Chop,49.44,$22.02/1kg $9.99/1lb,HalalMeat,Superstore
Free From Australian Lamb Frenched Rack,34.38,$57.30/1kg $26.00/1lb,HalalMeat,Superstore
Fresh Lamb Leg - Short Cut,51.62,$21.58/1kg $9.79/1lb,HalalMeat,Superstore
Halal Beef Burgers,18.00,"907 g, $1.98/100g",HalalMeat,Superstore
Lamb Shoulder Chops,19.29,$26.43/1kg $11.99/1lb,HalalMeat,Superstore
Halal Frozen Turkey,43.30,$8.14/1kg $3.69/1lb,HalalMeat,Superstore
Supreme Crunch Halal Spicy Chicken Drumsticks,11.99,"720 g, $1.67/100g",HalalMeat,Superstore
Large Grade A Eggs,3.89,"12 ea, $0.32/1ea",egg_and_substitutes,Superstore
Large Size Eggs,10.12,"30 ea, $0.34/1ea",egg_and_substitutes,Superstore
Free Run Brown Eggs Large,6.29,"12 eggs, $0.52/1ea",egg_and_substitutes,Superstore
Grade A Extra Large Eggs,4.62,"12 eggs, $0.39/1ea",egg_and_substitutes,Superstore
Egg Whites,6.29,"1 kg, $0.63/100g",egg_and_substitutes,Superstore
Medium Grade A White Eggs,3.79,"12 eggs, $0.32/1ea",egg_and_substitutes,Superstore
Premium Large White Eggs,7.19,"18 ea, $0.40/1ea",egg_and_substitutes,Superstore
Free Range Large Brown Eggs,7.84,"12 eggs, $0.65/1ea",egg_and_substitutes,Superstore
Grade A Large Brown Eggs,5.32,"12 eggs, $0.44/1ea",egg_and_substitutes,Superstore
"Free-Range Large Brown Eggs, Club Pack (30 Count)",16.64,"30 ea, $0.55/1ea",egg_and_substitutes,Superstore
"Naturegg Omega 3 White Eggs, Large",6.42,"12 eggs, $0.54/1ea",egg_and_substitutes,Superstore
"Naturegg Nest Laid White Eggs, Large",5.62,"12 eggs, $0.47/1ea",egg_and_substitutes,Superstore
Country Golden Yolk Large Free Range Eggs,7.42,"12 ea, $0.62/1ea",egg_and_substitutes,Superstore
"White Eggs, Extra Large",6.99,"18 eggs, $0.39/1ea",egg_and_substitutes,Superstore
Blue Menu Free Run Large White Eggs 12 Pack,7.62,"12 ea, $0.64/1ea",egg_and_substitutes,Superstore
"Nature's Best White Eggs, Large",6.42,"12 eggs, $0.54/1ea",egg_and_substitutes,Superstore
Free Run Egg Whites,5.29,"1 g, $1.06/100g",egg_and_substitutes,Superstore
"Organic Free Range Eggs, 18 Eggs",9.99,"18 ea, $0.56/1ea",egg_and_substitutes,Superstore
Naturegg Simply Egg Whites,5.39,"1 ea, $1.08/100ml",egg_and_substitutes,Superstore
Blue Menu Free Run Large Brown Eggs 12 Pack,7.92,"12 eggs, $0.66/1ea",egg_and_substitutes,Superstore
"Born 3 White Eggs, Large",5.92,"12 eggs, $0.49/1ea",egg_and_substitutes,Superstore
Naturegg Free Run Egg Whites,5.39,"1 eggs, $1.08/100g",egg_and_substitutes,Superstore
"Free Run Omega-3 Hard-Boiled Peeled Eggs, 3x2 packs",3.39,"3x88.0 g, $3.85/100g",egg_and_substitutes,Superstore
Extra Large Size Free-Range Brown Eggs,8.05,"12 eggs, $0.67/1ea",egg_and_substitutes,Superstore
Eggs2go! 6 Hard Boiled Peeled Eggs,5.29,"6 ea, $0.88/1ea",egg_and_substitutes,Superstore
"Egg Creations, Original",5.49,"500 g, $1.10/100g",egg_and_substitutes,Superstore
"Eggs, Medium",3.79,"12 eggs, $0.32/1ea",egg_and_substitutes,Superstore
"Scramble Kit, Protein Packed",3.29,"57 g, $5.77/100g",egg_and_substitutes,Superstore
"Eggs, Large",3.89,"12 eggs, $0.32/1ea",egg_and_substitutes,Superstore
"Egg Creations! Whole Eggs, Original",5.49,"500 g, $1.10/100g",egg_and_substitutes,Superstore
Organic Free-Range Egg Whites,5.99,"500 g, $1.20/100g",egg_and_substitutes,Superstore
Quail Eggs,4.99,"24 eggs, $0.21/1ea",egg_and_substitutes,Superstore
"Eggs, Large Brown",5.32,"12 eggs, $0.44/1ea",egg_and_substitutes,Superstore
"Scramble Kit, Classic",3.29,"79 g, $4.16/100g",egg_and_substitutes,Superstore
"Organic Eggs, Medium",8.05,"12 ea, $0.67/1ea",egg_and_substitutes,Superstore
"Eggs, Extra Large",4.62,"12 eggs, $0.39/1ea",egg_and_substitutes,Superstore
"Scramble Kit, Ultimate",3.29,"85 g, $3.87/100g",egg_and_substitutes,Superstore
"Almond Beverage, Unsweetened Original, Dairy-Free",3.50,"1.89 l, $0.21/100ml",nonDairy_milk_alternatives,Superstore
"Oat Beverage, Original",4.99,"1.75 l, $0.29/100ml",nonDairy_milk_alternatives,Superstore
"Organic Soy Beverage, Unsweetened Original, Dairy-Free",3.50,"1.89 l, $0.21/100ml",nonDairy_milk_alternatives,Superstore
"Almond Beverage, Unsweetened, Vanilla Flavour, Dairy-Free",3.50,"1.89 l, $0.21/100ml",nonDairy_milk_alternatives,Superstore
"Almond Beverage, Original, Plant Based Dairy-Free Milk",3.50,"1.89 l, $0.21/100ml",nonDairy_milk_alternatives,Superstore
"Oat Beverage, Unsweetened, Plant Based, Dairy Free",3.50,"1.75 l, $0.23/100ml",nonDairy_milk_alternatives,Superstore
"Coconut Beverage, Unsweetened Original, Dairy-Free",3.50,"1.89 l, $0.21/100ml",nonDairy_milk_alternatives,Superstore
"Almond Beverage, Dark Chocolate Flavour",3.50,"1.89 l, $0.21/100ml",nonDairy_milk_alternatives,Superstore
Oat Barista,4.99,"946 ml, $0.66/100ml",nonDairy_milk_alternatives,Superstore
"Almond Beverage, Unsweetened Original ",4.79,"1.89 l, $0.25/100ml",nonDairy_milk_alternatives,Superstore
"Dairy Free Plant Based Oat Beverage, Original, Plain",3.50,"1.75 l, $0.23/100ml",nonDairy_milk_alternatives,Superstore
"Organic Soy Beverage, Original, Dairy-Free",3.50,"1.89 l, $0.21/100ml",nonDairy_milk_alternatives,Superstore
"Almond Beverage, Vanilla Flavour, Dairy-Free",3.50,"1.89 l, $0.21/100ml",nonDairy_milk_alternatives,Superstore
"Creamy Cashew Beverage, Unsweetened Original, Dairy-Free",3.50,"1.89 l, $0.21/100ml",nonDairy_milk_alternatives,Superstore
 Oat Zero Sugar Beverage,4.99,"1.75 l, $0.29/100ml",nonDairy_milk_alternatives,Superstore
"Oat Beverage, Vanilla",4.99,"1.75 l, $0.29/100ml",nonDairy_milk_alternatives,Superstore
"Oat Beverage, Original",3.79,"946 ml, $0.40/100ml",nonDairy_milk_alternatives,Superstore
"Protein Almond & Cashew Beverage, Unsweetened Original L",3.50,"1.75 l, $0.27/100ml",nonDairy_milk_alternatives,Superstore
"Almond Beverage, Unsweetened Vanilla",4.79,"1.89 l, $0.25/100ml",nonDairy_milk_alternatives,Superstore
"Almond Coconut Blend Beverage, Unsweetened, Dairy-Free",3.50,"1.89 l, $0.21/100ml",nonDairy_milk_alternatives,Superstore
"Coconut Beverage, Original, Plant Based Dairy-Free Milk",3.50,"1.89 l, $0.21/100ml",nonDairy_milk_alternatives,Superstore
"Creamy Cashew Beverage, Unsweetened, Vanilla Flavour",3.50,"1.89 l, $0.21/100ml",nonDairy_milk_alternatives,Superstore
"Nextmilk, Plant Based Dairy Free Milk Alternative",3.50,"1.74 l, $0.28/100ml",nonDairy_milk_alternatives,Superstore
"Almond Breeze Natural Almond, Unsweetened",3.29,"946 ml, $0.35/100ml",nonDairy_milk_alternatives,Superstore
"Protein Almond & Cashew Beverage, Vanilla, Unsweetened, Dairy-Free",3.50,"1.75 l, $0.27/100ml",nonDairy_milk_alternatives,Superstore
Organic Almond Beverage Unsweetened Original,4.99,"1.75 l, $0.29/100ml",nonDairy_milk_alternatives,Superstore
"Almond Beverage, Original ",4.79,"1.89 l, $0.25/100ml",nonDairy_milk_alternatives,Superstore
"Almond Breeze Unsweetened Almond Milk, Original",4.79,"1.89 l, $0.25/100ml",nonDairy_milk_alternatives,Superstore
"Organic Soy Beverage, Vanilla Flavour, Dairy-Free",3.50,"1.89 l, $0.21/100ml",nonDairy_milk_alternatives,Superstore
"Almond Beverage, Unsweetened, Dairy-Free, Shelf Stable",3.49,"946 ml, $0.37/100ml",nonDairy_milk_alternatives,Superstore
Unsweetened Enrich     ,2.79,"946 ml, $0.29/100ml",nonDairy_milk_alternatives,Superstore
"Soy Beverage, Chocolate Flavour, Dairy-Free",3.50,"1.89 l, $0.21/100ml",nonDairy_milk_alternatives,Superstore
 Soy Barista ,3.69,"946 ml, $0.39/100ml",nonDairy_milk_alternatives,Superstore
"Oat Beverage, Chocolate",4.99,"1.75 l, $0.29/100ml",nonDairy_milk_alternatives,Superstore
"Almond Beverage, Vanilla",4.79,"1.89 l, $0.25/100ml",nonDairy_milk_alternatives,Superstore
"Almond Breeze, Unsweetened Vanilla",3.29,"946 ml, $0.35/100ml",nonDairy_milk_alternatives,Superstore
"Organic Coconut Beverage, Unsweetened, Dairy-Free, Shelf Stable",3.49,"946 ml, $0.37/100ml",nonDairy_milk_alternatives,Superstore
"Almond Beverage, Unsweetened Original, Dairy-Free",13.99,"6x946.0 ml, $0.25/100g",nonDairy_milk_alternatives,Superstore
"Almond Breeze Almond Milk, Unsweetened Vanilla",4.79,"1.89 l, $0.25/100ml",nonDairy_milk_alternatives,Superstore
Oat Zero Sugar Beverage Original,3.79,"946 ml, $0.40/100ml",nonDairy_milk_alternatives,Superstore
"Almond Beverage, Unsweetened, Vanilla Flavour, Dairy-Free, Shelf Stable",3.49,"946 ml, $0.37/100ml",nonDairy_milk_alternatives,Superstore
"Oat Beverage, Vanilla",3.79,"946 ml, $0.40/100ml",nonDairy_milk_alternatives,Superstore
Fortified Gluten-Free Oat Beverage Zero Sugar Unsweetened Vanilla,4.99,"1.75 l, $0.29/100ml",nonDairy_milk_alternatives,Superstore
"Almond Beverage, Chocolate",4.79,"1.89 l, $0.25/100ml",nonDairy_milk_alternatives,Superstore
Natur-A  Rice Original,2.99,"946 ml, $0.32/100ml",nonDairy_milk_alternatives,Superstore
NextMilk Whole Plant-Based Beverage,3.50,"1.74 l, $0.28/100ml",nonDairy_milk_alternatives,Superstore
"Organic Almond Beverage, Unsweetened Vanilla",4.99,"1.75 l, $0.29/100ml",nonDairy_milk_alternatives,Superstore
"Organic Soy Beverage, Unsweetened Original, Dairy-Free, Shelf Stable",3.49,"946 ml, $0.37/100ml",nonDairy_milk_alternatives,Superstore
Miylk10 Chickpea & Flaxseed Beverage Unsweetened Original,4.79,"946 ml, $0.58/100ml",nonDairy_milk_alternatives,Superstore
Cashew Beverage Unsweetened,9.49,"946 ml, $1.00/100ml",nonDairy_milk_alternatives,Superstore
"Oat Beverage, Chocolate",4.99,"3x250.0 ml, $0.67/100ml",nonDairy_milk_alternatives,Superstore
Oat Creamer French Vanilla,9.49,"473 ml, $2.01/100ml",nonDairy_milk_alternatives,Superstore
Oat Drink,5.49,"946 ml, $0.58/100ml",nonDairy_milk_alternatives,Superstore
Natur-A Soy Vanilla Beverage - Mini,3.49,"3x200.0 ml, $0.58/100ml",nonDairy_milk_alternatives,Superstore
"Organic Soy Beverage, Enriched Original",2.79,"946 ml, $0.29/100ml",nonDairy_milk_alternatives,Superstore
"Almond Beverage, Vanilla Flavour, Dairy-Free",9.49,"6x236.0 ml, $0.67/100ml",nonDairy_milk_alternatives,Superstore
Oat Creamer Unsweetened,9.49,"473 ml, $2.01/100ml",nonDairy_milk_alternatives,Superstore
"Almond Breeze, Vanilla",4.79,"1.89 l, $0.25/100ml",nonDairy_milk_alternatives,Superstore
"Oat Beverage, Naked Original",7.99,"1.75 l, $0.46/100ml",nonDairy_milk_alternatives,Superstore
"Oat Beverage, Original ",4.99,"3x250.0 ml, $0.67/100ml",nonDairy_milk_alternatives,Superstore
"Organic Soy Beverage, Enriched Vanilla",2.79,"946 ml, $0.29/100ml",nonDairy_milk_alternatives,Superstore
"Almond Beverage, Original",3.79,"946 ml, $0.40/100ml",nonDairy_milk_alternatives,Superstore
"Almond Beverage, Unsweetened Original",3.79,"946 ml, $0.40/100ml",nonDairy_milk_alternatives,Superstore
Natur-A Soy Chocolate Beverage - Mini,3.49,"3x200.0 ml, $0.58/100ml",nonDairy_milk_alternatives,Superstore
"Oat Drink, Chocolate",5.49,"946 ml, $0.58/100ml",nonDairy_milk_alternatives,Superstore
"Almond Breeze, Unsweetened Original",5.79,"1.89 l, $0.31/100ml",nonDairy_milk_alternatives,Superstore
"Almond Milk, Unsweetened",7.99,"3.95 l, $0.20/100ml",nonDairy_milk_alternatives,Superstore
Oat Zero Sugar Beverage Vanilla,3.79,"946 ml, $0.40/100ml",nonDairy_milk_alternatives,Superstore
"Oat Beverage, Chocolate",3.79,"946 ml, $0.40/100ml",nonDairy_milk_alternatives,Superstore
"Oat Drink, Extra Creamy",5.49,"946 ml, $0.58/100ml",nonDairy_milk_alternatives,Superstore
"Almond Breeze, Unsweetened Vanilla",5.79,"1.89 l, $0.31/100ml",nonDairy_milk_alternatives,Superstore
"Organic Coconut Beverage Original, Dairy-Free, Shelf Stable",3.49,"946 ml, $0.37/100ml",nonDairy_milk_alternatives,Superstore
"Almond Beverage, Vanilla Flavour, Dairy-Free, Shelf Stable",3.49,"946 ml, $0.37/100ml",nonDairy_milk_alternatives,Superstore
Milked Hazelnuts Hazelnut Beverage Unsweetened,9.49,"946 ml, $1.00/100ml",nonDairy_milk_alternatives,Superstore
"Almond Breeze, Chocolate",3.29,"946 ml, $0.35/100ml",nonDairy_milk_alternatives,Superstore
Milked Walnuts Unsweetened,9.49,"946 ml, $1.00/100ml",nonDairy_milk_alternatives,Superstore
"Organic Soy Beverage, Original, Dairy-Free, Shelf Stable",3.49,"946 ml, $0.37/100ml",nonDairy_milk_alternatives,Superstore
"Almond Breeze, Vanilla",3.29,"946 ml, $0.35/100ml",nonDairy_milk_alternatives,Superstore
"Almond Beverage, Dark Chocolate Flavour, Dairy-Free",9.49,"6x236.0 ml, $0.67/100ml",nonDairy_milk_alternatives,Superstore
"Barista Oat Drink, Original",6.29,"946 ml, $0.66/100ml",nonDairy_milk_alternatives,Superstore
"Almond Milk, Dark Chocolate Flavour, Dairy-Free, Shelf Stable",3.49,"946 ml, $0.37/100ml",nonDairy_milk_alternatives,Superstore
"Almond Beverage, Chocolate",4.49,"3x250.0 ml, $0.60/100ml",nonDairy_milk_alternatives,Superstore
"Almond Breeze, Original",3.29,"946 ml, $0.35/100ml",nonDairy_milk_alternatives,Superstore
Milled Whole Seed Flax Beverage Unsweetened Vanilla,6.49,"946 ml, $0.69/100ml",nonDairy_milk_alternatives,Superstore
Oat Beverage Unsweetened,9.49,"946 ml, $1.00/100ml",nonDairy_milk_alternatives,Superstore
Barista Coconut,5.99,"946 ml, $0.63/100ml",nonDairy_milk_alternatives,Superstore
Milled Whole Seed Flax Beverage Unsweetened Original,6.49,"946 ml, $0.69/100ml",nonDairy_milk_alternatives,Superstore
"Almond Beverage, Original, Dairy-Free, Shelf Stable ",3.49,"946 ml, $0.37/100ml",nonDairy_milk_alternatives,Superstore
Oat Milk Barista Edition,9.49,"964 ml, $1.00/100g",nonDairy_milk_alternatives,Superstore
Almond Beverage Unsweetened,9.49,"946 ml, $1.00/100ml",nonDairy_milk_alternatives,Superstore
Almond Breeze Original,4.79,"1.89 l, $0.25/100ml",nonDairy_milk_alternatives,Superstore
Flaked Light Tuna,1.25,"170 g, $0.74/100g",cannedFood,Superstore
Chunk Light Tuna,1.25,"170 g, $0.74/100g",cannedFood,Superstore
Black Beans,1.49,"540 ml, $0.28/100ml",cannedFood,Superstore
Peaches & Cream Corn,1.67,"341 ml, $0.58/100ml",cannedFood,Superstore
Reduced Sodium Chicken Broth,1.69,"900 ml, $0.19/100ml",cannedFood,Superstore
Diced Tomatoes,2.49,"796 ml, $0.31/100ml",cannedFood,Superstore
Chickpeas,1.49,"540 ml, $0.28/100ml",cannedFood,Superstore
Chicken Broth,1.69,"900 ml, $0.19/100ml",cannedFood,Superstore
Condensed Soup Tomato,1.29,"284 ml, $0.52/100ml",cannedFood,Superstore
Condensed Soup Tomato,1.19,"284 ml, $0.42/100ml",cannedFood,Superstore
Diced Tomatoes with Herbs and Spices,1.79,"796 ml, $0.22/100ml",cannedFood,Superstore
"Corn Niblets, Whole Kernel",1.67,"341 ml, $0.58/100ml",cannedFood,Superstore
Black Beans,1.99,"540 ml, $0.37/100ml",cannedFood,Superstore
Cream of Mushroom Condensed Soup,1.29,"284 ml, $0.52/100ml",cannedFood,Superstore
Chick Peas,1.99,"540 ml, $0.37/100ml",cannedFood,Superstore
Original Beans In Tomato Sauce,1.49,"398 ml, $0.50/100ml",cannedFood,Superstore
Creamy Style Sweet Corn,1.67,"398 ml, $0.50/100ml",cannedFood,Superstore
Sliced Mushrooms,1.25,"284 ml, $0.44/100ml",cannedFood,Superstore
Dark Red Kidney Beans,1.49,"540 ml, $0.28/100ml",cannedFood,Superstore
Whole Kernel Crisp Corn,1.29,"341 ml, $0.38/100ml",cannedFood,Superstore
"Diced Tomatoes, Herbs & Spices",2.49,"796 ml, $0.31/100ml",cannedFood,Superstore
Crushed Tomatoes,2.49,"796 ml, $0.31/100ml",cannedFood,Superstore
Chickpeas,1.79,"540 ml, $0.33/100ml",cannedFood,Superstore
Red Kidney Beans,1.99,"540 ml, $0.37/100ml",cannedFood,Superstore
"Flaked Light Tuna, Skip Jack In Water",1.99,"170 g, $1.17/100g",cannedFood,Superstore
Black Beans,1.79,"540 ml, $0.33/100ml",cannedFood,Superstore
Peaches and Cream Whole Kernel Corn,1.29,"341 ml, $0.38/100ml",cannedFood,Superstore
Stuffed Manzanilla Olives With Pimento Paste,1.99,"375 ml, $0.53/100ml",cannedFood,Superstore
"Black Olives, Sliced Ripe",1.99,"200 ml, $1.00/100ml",cannedFood,Superstore
Garlic Baby Dill Pickles,5.29,"1 l, $0.53/100ml",cannedFood,Superstore
"Tuna, Solid Light",2.49,"198 g, $1.26/100g",cannedFood,Superstore
Pineapple Tidbits in Pineapple Juice,2.29,"398 ml, $0.58/100ml",cannedFood,Superstore
Unsweetened Apple Sauce,3.00,"620 ml, $0.48/100ml",cannedFood,Superstore
Beef Broth,1.69,"900 ml, $0.19/100ml",cannedFood,Superstore
Alphaghetti,1.99,"398 ml, $0.50/100ml",cannedFood,Superstore
Sliced Ripe Olives,1.99,"398 ml, $0.50/100ml",cannedFood,Superstore
"Chunk Light Tuna, Skip Jack In Water",1.99,"170 g, $1.17/100g",cannedFood,Superstore
Baby Dill Pickles With Garlic,3.29,"1 l, $0.33/100ml",cannedFood,Superstore
Pickled Hot Banana Pepper Rings,4.99,"750 ml, $0.67/100ml",cannedFood,Superstore
Sliced Manzanilla Olives,1.99,"375 ml, $0.53/100ml",cannedFood,Superstore
Chicken Broth,2.19,"900 ml, $0.25/100ml",cannedFood,Superstore
"Diced Tomatoes, No Salt Added",2.49,"796 ml, $0.31/100ml",cannedFood,Superstore
"Black Beans, No Salt Added",1.99,"540 ml, $0.37/100ml",cannedFood,Superstore
Cream-Style Corn,1.29,"398 ml, $0.32/100ml",cannedFood,Superstore
Sliced Sun-Dried Tomatoes In Seasoned Oil,5.99,"270 ml, $2.22/100ml",cannedFood,Superstore
Maple Style Beans With Pure Quebec Maple Syrup,1.49,"398 ml, $0.50/100ml",cannedFood,Superstore
Condensed Soup Chicken Noodle,1.29,"284 ml, $0.52/100ml",cannedFood,Superstore
French-Canadian Pea Soup,2.99,"796 ml, $0.41/100ml",cannedFood,Superstore
Beans with Pork and Tomato Sauce,1.69,"398 ml, $0.42/100ml",cannedFood,Superstore
Green Lentils,1.29,"540 ml, $0.28/100ml",cannedFood,Superstore
"Cream of Mushroom Soup, Less Salt",1.99,"284 ml, $0.88/100ml",cannedFood,Superstore
No Sugar Added Sliced Peaches,4.99,"540 ml, $0.92/100ml",cannedFood,Superstore
"Whole Tomatoes, No Salt Added",2.49,"796 ml, $0.31/100ml",cannedFood,Superstore
Butter Chicken Ready to Serve Soup ,2.99,"515 ml, $0.68/100ml",cannedFood,Superstore
Tuna Flakes in Oil,3.99,"180 g, $2.77/100g",cannedFood,Superstore
Bamboo Shoot Strip In Water,2.49,"540 g, $0.46/100g",cannedFood,Superstore
Salmon Fillet In Extra Virgin Olive Oil,8.49,"125 g, $6.79/100g",cannedFood,Superstore
"Kitchen Basics Cooking Stock, Chicken",3.49,"946 ml, $0.37/100ml",cannedFood,Superstore
Sauerkraut,3.99,"796 ml, $0.50/100ml",cannedFood,Superstore
Beef Ravioli (Case),14.99,"8x425.0 ml, $0.44/100ml",cannedFood,Superstore
Chunk Crabmeat,6.29,"120 g, $5.24/100g",cannedFood,Superstore
Concentrated Beef Broth,2.29,"250 ml, $0.92/100ml",cannedFood,Superstore
Light Tomato Condensed Soup,1.99,"284 ml, $0.88/100ml",cannedFood,Superstore
Salmon Sockeye,5.49,"213 g, $2.81/100g",cannedFood,Superstore
Accents Diced Tomatoes with Green Pepper,2.79,"540 ml, $0.52/100ml",cannedFood,Superstore
Fruit Cocktail in Mixed Fruit Juice from Concentrate,3.49,"796 ml, $0.44/100ml",cannedFood,Superstore
Instant Green Curry,3.29,"400 g, $0.82/100g",cannedFood,Superstore
Roast Beef Gravy,2.49,"398 ml, $0.63/100ml",cannedFood,Superstore
Franco American Turkey Gravy,1.49,"284 ml, $0.70/100ml",cannedFood,Superstore
"Seafood Snacks, Golden Smoked",1.99,"92 g, $2.16/100g",cannedFood,Superstore
Franco American Chicken Gravy,1.49,"284 ml, $0.70/100ml",cannedFood,Superstore
No Sugar Added Fruit Salad With Cherries,4.99,"540 ml, $0.92/100ml",cannedFood,Superstore
Sockeye Salmon Wild Red Pacific,4.99,"142 g, $3.51/100g",cannedFood,Superstore
Baby Dill Pickles With Garlic Club Size,4.99,"2 l, $0.31/100ml",cannedFood,Superstore
"Crabmeat, Chunk",7.29,"120 g, $6.08/100g",cannedFood,Superstore
"Vegetable Soup, Club Pack",16.49,"12x284.0 ml, $0.48/100ml",cannedFood,Superstore
Flaked Light Tuna In Olive Oil & Chili Pepper,7.49,"240 g, $3.12/100g",cannedFood,Superstore
Plant Based Beefless Broth,2.99,"1 l, $0.30/100ml",cannedFood,Superstore
Sweet & Spicy Chili Sardines,2.49,"106 g, $2.82/100g",cannedFood,Superstore
Whole Hearts of Palm,6.49,"796 ml, $0.82/100ml",cannedFood,Superstore
Broad Beans,3.29,"540 ml, $0.61/100ml",cannedFood,Superstore
Clingstone Peach Slices in Light Syrup,3.49,"796 ml, $0.44/100ml",cannedFood,Superstore
Sliced White Potatoes,1.49,"540 ml, $0.28/100ml",cannedFood,Superstore
Broken Mandarin Orange Segments in Light Syrup,1.29,"284 ml, $0.45/100ml",cannedFood,Superstore
Crushed Pineapple in Pineapple Juice,2.29,"398 ml, $0.58/100ml",cannedFood,Superstore
Wild Albacore Solid White Tuna,3.19,"170 g, $2.05/100g",cannedFood,Superstore
Traditional Minestrone Soup,2.99,"796 ml, $0.41/100ml",cannedFood,Superstore
Riga Sprats,3.19,"160 g, $1.99/100g",cannedFood,Superstore
Crushed Tomatoes. No Salt Added,2.49,"796 ml, $0.31/100ml",cannedFood,Superstore
Condensed Soup Cream of Mushroom,1.19,"284 ml, $0.42/100ml",cannedFood,Superstore
Seasoned Bean Salad Lemon & Herbs,2.99,"398 ml, $0.75/100ml",cannedFood,Superstore
Luncheon Meat,3.29,"340 g, $0.97/100g",cannedFood,Superstore
Wild Albacore Solid White Tuna No Salt Added,8.89,"142 g, $6.26/100g",cannedFood,Superstore
Plant Based Chickenless Broth,2.99,"1 l, $0.30/100ml",cannedFood,Superstore
Cooked Ham by Maple Leaf,6.49,"454 g, $1.43/100g",cannedFood,Superstore
Plant Based Tex Mex Jackfruit ,2.00,"300 g, $0.67/100g",cannedFood,Superstore
Plant Based Tex Mex Jackfruit ,2.00,"300 g, $0.67/100g",cannedFood,Superstore
"Crabmeat, Chunk",7.29,"120 g, $6.08/100g",cannedFood,Superstore
Plant Based Beefless Broth,2.99,"1 l, $0.30/100ml",cannedFood,Superstore
Flaked Light Tuna In Olive Oil & Chili Pepper,7.49,"240 g, $3.12/100g",cannedFood,Superstore
Roast Beef Gravy,2.49,"398 ml, $0.63/100ml",cannedFood,Superstore
Clingstone Peach Halves in Juice From Concentrate,3.49,"796 ml, $0.44/100ml",cannedFood,Superstore
Plant Based Original Jackfruit ,2.00,"300 g, $0.67/100g",cannedFood,Superstore
"Solid Light Tuna, In Olive Oil",1.99,"85 g, $2.34/100g",cannedFood,Superstore
Red Kidney Beans,2.49,"398 ml, $0.63/100ml",cannedFood,Superstore
Tuna in Olive Oil,4.99,"160 g, $3.12/100g",cannedFood,Superstore
Vienna Sausage by Maple Leaf,1.99,"113 g, $1.76/100g",cannedFood,Superstore
Beef with Vegetables & Barley,1.99,"284 ml, $0.88/100ml",cannedFood,Superstore
Wild Mackerel Skinless Boneless Lemon & Peppercorn,3.49,"115 g, $3.03/100g",cannedFood,Superstore
Fruit Cocktail in Juice,2.69,"398 ml, $0.75/100ml",cannedFood,Superstore
Skipjack In Chili Infused Oil Solid Light Tuna,5.69,"240 g, $2.62/100g",cannedFood,Superstore
Tropical Fruit In Water,3.99,"540 ml, $0.74/100ml",cannedFood,Superstore
Tomatoes Whole,2.79,"796 ml, $0.35/100ml",cannedFood,Superstore
Juice Pineapple,3.99,"1.36 l, $0.29/100ml",cannedFood,Superstore
Concentrated Vegetable Broth,2.29,"250 ml, $0.92/100ml",cannedFood,Superstore
"Diced Tomatoes with Italian Spices, No Salt Added",2.79,"796 ml, $0.35/100ml",cannedFood,Superstore
Diced Roma Tomatoes,2.69,"796 ml, $0.34/100ml",cannedFood,Superstore
Deep-Browned Beans with Pork & Molasses,1.49,"398 ml, $0.50/100ml",cannedFood,Superstore
Cranberry Orange Sauce,4.49,"400 ml, $1.12/100ml",cannedFood,Superstore
Sushi Ginger,3.49,"340 g, $1.03/100g",cannedFood,Superstore
Faba Beans Foul Medamas,1.29,"540 ml, $0.28/100ml",cannedFood,Superstore
Solid White Tuna,11.69,"3x170.0 g, $2.29/100g",cannedFood,Superstore
Mini Vienna Sausages,1.29,"113 g, $1.14/100g",cannedFood,Superstore
Chili Style Pinto & Red Kidney Beans,1.49,"398 ml, $0.50/100ml",cannedFood,Superstore
"Aroy-D, Green Curry",2.79,"400 g, $0.75/100g",cannedFood,Superstore
World of Flavours Mexican Chicken Soup ,2.99,"540 ml, $0.55/100ml",cannedFood,Superstore
Tuna Salad With Corn & Olive Oil,4.49,"160 g, $2.81/100g",cannedFood,Superstore
Corned Beef with Juices,5.99,"326 g, $1.84/100g",cannedFood,Superstore
Fruit Cocktail With Extra Cherries In Water,3.99,"540 ml, $0.74/100ml",cannedFood,Superstore
"Albacore White Tuna, Flaked",11.69,"3x170.0 g, $2.29/100g",cannedFood,Superstore
Sweetened Apple Sauce,3.49,"625 ml, $0.64/100ml",cannedFood,Superstore
Soya Chaap,4.99,"800 g, $0.62/100g",cannedFood,Superstore
Clingstone Peach Slices in Juice From Concentrate,1.99,"398 ml, $0.50/100ml",cannedFood,Superstore
"Sardine Seafood Snacks, Tomato & Basil Sauce",1.99,"100 g, $1.99/100g",cannedFood,Superstore
In Light Fruit Juice Syrup Mandarin Oranges,4.99,"540 ml, $0.92/100ml",cannedFood,Superstore
"Flaked Light Tuna, In Water, Low Sodium",1.99,"170 g, $1.17/100g",cannedFood,Superstore
Whole Water Chestnuts,1.49,"218 ml, $0.68/100ml",cannedFood,Superstore
Chicken Noodle  Soup,3.49,"540 ml, $0.65/100ml",cannedFood,Superstore
Poutine Sauce,2.49,"398 ml, $0.63/100ml",cannedFood,Superstore
Herbed Chicken & Spices Rich & Thick Stock,2.49,"500 ml, $0.76/100ml",cannedFood,Superstore
Half Moon Hearts Of Palm,2.49,"398 ml, $0.63/100ml",cannedFood,Superstore
Bing Cherries,4.99,"398 ml, $1.25/100ml",cannedFood,Superstore
Mandarin Oranges In Water,3.99,"540 ml, $0.74/100ml",cannedFood,Superstore
Green Olives Stuffed with Garlic,6.49,"375 ml, $1.73/100ml",cannedFood,Superstore
Poutine Sauce,2.49,"398 ml, $0.63/100ml",cannedFood,Superstore
Coconut Sport in Syrup   ,3.79,"340 g, $1.17/100g",cannedFood,Superstore
Whole Water Chestnuts,1.49,"218 ml, $0.68/100ml",cannedFood,Superstore
Chicken Noodle  Soup,3.49,"540 ml, $0.65/100ml",cannedFood,Superstore
Fruit Cocktail in Mixed Fruit Juice from Concentrate,1.99,"398 ml, $0.50/100ml",cannedFood,Superstore
Herbed Chicken & Spices Rich & Thick Stock,2.49,"500 ml, $0.76/100ml",cannedFood,Superstore
Curried Red Lentil Ready-to-Serve Soup,2.99,"500 ml, $0.60/100ml",cannedFood,Superstore
Half Moon Hearts Of Palm,2.49,"398 ml, $0.63/100ml",cannedFood,Superstore
"Tuna Salad Kit, Lemon & Pepper",1.99,"90 g, $2.54/100g",cannedFood,Superstore
Kesar Mango Pulp,5.89,"850 g, $0.76/100g",cannedFood,Superstore
Peach Slices in Fruit Juice From Concentrate,4.49,"796 ml, $0.63/100ml",cannedFood,Superstore
Very Cherry,4.49,"796 ml, $0.63/100ml",cannedFood,Superstore
30% Less Sodium Roasted Garlic Chicken Broth,2.19,"900 ml, $0.25/100ml",cannedFood,Superstore
Canned Mushrooms,1.79,"284 ml, $0.70/100ml",cannedFood,Superstore
Mild Kidney Beans ,2.19,"398 ml, $0.63/100ml",cannedFood,Superstore
"Olives, Medium, Ripe, Pitted",3.49,"375 ml, $0.93/100ml",cannedFood,Superstore
Crunchy Mini Gherkins ,8.49,"375 ml, $2.26/100ml",cannedFood,Superstore
Pickles Polskie Ogórki Dill,5.29,"1 l, $0.53/100ml",cannedFood,Superstore
Hot Jalapeño Peppers,4.99,"375 ml, $1.33/100ml",cannedFood,Superstore
Ramen Broth,2.49,"900 ml, $0.28/100ml",cannedFood,Superstore
Classic Fully Cooked Luncheon Meat,2.97,"340 g, $1.18/100g",cannedFood,Superstore
Pineapple Chunks in Pineapple Juice,2.29,"398 ml, $0.58/100ml",cannedFood,Superstore
Condensed Chicken Noodle Soup,0.99,"284 ml, $0.35/100ml",cannedFood,Superstore
Baked Beans - Maple ,2.19,"398 ml, $0.63/100ml",cannedFood,Superstore
Dynamite Hot Chili With Beans,3.99,"425 g, $0.94/100g",cannedFood,Superstore
"Kosher Dill Pickles, Whole",5.99,"1 l, $0.60/100ml",cannedFood,Superstore
Kosher Pickle Spears,6.99,"1 l, $0.70/100ml",cannedFood,Superstore
Kosher Style Baby Dill Pickles,5.29,"1 l, $0.53/100ml",cannedFood,Superstore
Plant Based Tunaless Chunks With Thai Chili,1.49,"110 g, $1.35/100g",cannedFood,Superstore
Olives Stuffed With Red Peppers,5.99,"375 ml, $1.60/100ml",cannedFood,Superstore
Mexican Style Light Tuna Salad ,4.79,"160 g, $2.99/100g",cannedFood,Superstore
Garlic Dill Pickles,5.29,"1 l, $0.53/100ml",cannedFood,Superstore
Less Sodium 25% Less Sodium Than Our Regular Luncheon Meat,2.97,"340 g, $1.18/100g",cannedFood,Superstore
Cream of Mushroom Ready to Serve Soup,2.99,"515 ml, $0.64/100ml",cannedFood,Superstore
Beefaroni,1.99,"425 g, $0.47/100g",cannedFood,Superstore
Herbed Chicken with Rice Ready to Serve Soup,2.99,"515 ml, $0.64/100ml",cannedFood,Superstore
Mushrooms Pieces & Stems,1.25,"284 ml, $0.44/100ml",cannedFood,Superstore
Pickled Hot Banana Pepper Rings,5.29,"750 ml, $0.71/100ml",cannedFood,Superstore
Capers,2.49,"100 ml, $2.49/100ml",cannedFood,Superstore
Dill Pickles With Garlic,3.29,"1 l, $0.33/100ml",cannedFood,Superstore
Medium Pitted Ripe Olives,1.99,"398 ml, $0.50/100ml",cannedFood,Superstore
Spanish Queen Olives,1.99,"375 ml, $0.53/100ml",cannedFood,Superstore
Imported Spanish Queen Martini Olives,7.99,"398 ml, $2.01/100ml",cannedFood,Superstore
Baby Dill Pickles ,4.99,"1 l, $0.50/100ml",cannedFood,Superstore
No Salt Added Chicken Broth,2.19,"900 ml, $0.25/100ml",cannedFood,Superstore
Condensed Tomato Soup,0.99,"284 ml, $0.35/100ml",cannedFood,Superstore
Rich & Chunky Chicken Noodle Soup,2.99,"540 ml, $0.55/100ml",cannedFood,Superstore
Wildalbaco Tuna Salted,7.99,"142 g, $5.63/100g",cannedFood,Superstore
Rich & Chunky Chicken Noodle Soup,2.99,"540 ml, $0.55/100ml",cannedFood,Superstore
Olives Stuffed With Almonds,5.99,"375 ml, $1.60/100ml",cannedFood,Superstore
Pickled Chunk Beets,3.29,"750 ml, $0.44/100ml",cannedFood,Superstore
Wildalbaco Tuna Salted,7.99,"142 g, $5.63/100g",cannedFood,Superstore
Finely Chopped Tomatoes    ,2.99,"400 g, $0.83/100g",cannedFood,Superstore
Sarson Ka Saag,3.99,"850 g, $0.53/100g",cannedFood,Superstore
"Chunky Chili, Hot & Spicy",3.19,"425 g, $0.82/100g",cannedFood,Superstore
Deep-Browned Beans With Tomato Sauce,1.99,"398 ml, $0.50/100ml",cannedFood,Superstore
"Canned Soup, Cream of Cremini & Shiitake Mushroom Condensed Soup",2.49,"284 ml, $0.88/100ml",cannedFood,Superstore
Sliced Peaches In Water,3.99,"540 ml, $0.74/100ml",cannedFood,Superstore
Light Tuna Chunk in Water,1.49,"170 g, $1.05/100g",cannedFood,Superstore
Bar-B-Q Sauce,2.49,"398 ml, $0.63/100ml",cannedFood,Superstore
Peas & Carrots,1.67,"398 ml, $0.50/100ml",cannedFood,Superstore
Fried Dace With Salted Black Beans,3.29,"184 g, $1.79/100g",cannedFood,Superstore
Chunky Vegetable Beef,2.99,"515 ml, $0.68/100ml",cannedFood,Superstore
Miniature Cut Cobs of Corn,1.79,"398 ml, $0.45/100ml",cannedFood,Superstore
SwissChalet Sauce Hot Chicken Sandwich Homestyle Gravy,1.99,"284 ml, $0.70/100ml",cannedFood,Superstore
Diced White Potatoes,1.49,"540 ml, $0.28/100ml",cannedFood,Superstore
SwissChalet Sauce Dipping,1.99,"284 ml, $0.70/100ml",cannedFood,Superstore
Jumbo Beans Mix,2.49,"540 ml, $0.46/100ml",cannedFood,Superstore
Chunky Chicken Vegetable Pot Pie,2.99,"515 ml, $0.68/100ml",cannedFood,Superstore
Potato and Leek Ready-to-Serve Soup,2.99,"500 ml, $0.60/100ml",cannedFood,Superstore
"Mussels, Smoked",2.49,"85 g, $2.93/100g",cannedFood,Superstore
Crushed Pineapple in Pineapple Juice,1.79,"540 ml, $0.33/100ml",cannedFood,Superstore
Wild Solid White Albacore Tuna,6.79,"150 g, $4.53/100g",cannedFood,Superstore
Luncheon Meat,2.49,"340 g, $0.73/100g",cannedFood,Superstore
"Flaked Light Tuna, Sundried Tomato & Basil",1.99,"85 g, $2.34/100g",cannedFood,Superstore
Peach Slices in Water,1.99,"398 ml, $0.50/100ml",cannedFood,Superstore
Lentils,1.99,"540 ml, $0.37/100ml",cannedFood,Superstore
Chai Pow Yu,3.29,"285 g, $1.15/100g",cannedFood,Superstore
Corned Beef,4.99,"340 g, $1.47/100g",cannedFood,Superstore
"Wild Pink Salmon, No Added Salt",3.99,"160 g, $2.49/100g",cannedFood,Superstore
"Tomatoes Diced, No Salt Added",2.79,"796 ml, $0.35/100ml",cannedFood,Superstore
OTG Hearty Lentil Quinoa,3.79,"400 ml, $0.95/100ml",cannedFood,Superstore
Fire Roasted Crushed Tomatoes,5.49,"796 ml, $0.69/100ml",cannedFood,Superstore
OTG Garden Vegetable,3.79,"400 ml, $0.95/100ml",cannedFood,Superstore
Wild Sardines In Olive Oil,3.49,"125 g, $2.79/100g",cannedFood,Superstore
Faba Beans Foul Mudammas,1.49,"400 g, $0.37/100g",cannedFood,Superstore
Hot Chili With Beans,3.99,"425 g, $0.94/100g",cannedFood,Superstore
"Cream Of Mushroom, Low Fat",1.99,"284 ml, $0.88/100ml",cannedFood,Superstore
Purefoods Corned Beef,5.99,"340 g, $1.76/100g",cannedFood,Superstore
White Kidney Beans,1.49,"540 ml, $0.28/100ml",cannedFood,Superstore
Tom Yum Soup,4.69,"398 ml, $1.18/100ml",cannedFood,Superstore
Tomatoes,2.49,"796 ml, $0.31/100ml",cannedFood,Superstore
Tuna in Water,7.99,"3x80.0 g, $3.33/100g",cannedFood,Superstore
"Wild Pacific Sardines, Spring Water",3.99,"120 g, $3.33/100g",cannedFood,Superstore
Organic Black Beans    ,3.29,"398 ml, $0.83/100ml",cannedFood,Superstore
Blazin' Roadhouse Chili-Style Ready to Serve Soup,2.99,"515 ml, $0.68/100ml",cannedFood,Superstore
"Wild Sardines Lightly Smoked, In Organic Extra Virgin Olive Oil",5.89,"125 g, $4.71/100g",cannedFood,Superstore
Spicy Thai Chili Flaked Light Tuna,1.49,"85 g, $1.75/100g",cannedFood,Superstore
Peach Slices in Light Syrup,2.69,"398 ml, $0.75/100ml",cannedFood,Superstore
"Light Tuna Snack Kit, Thai Chili Flavour",2.99,"95 g, $3.15/100g",cannedFood,Superstore
Corn Medley Mediterranean Style,2.99,"398 ml, $0.75/100ml",cannedFood,Superstore
Baby Corn Cut In Brine,2.79,"425 g, $0.66/100g",cannedFood,Superstore
"No Sugar Added, Pear, Halves, in Water",2.69,"398 ml, $0.75/100ml",cannedFood,Superstore
Eggs Pickled,5.99,"225 g, $2.66/100g",cannedFood,Superstore
Olives Stuffed Red Peppers Pitted,12.49,"1 l, $1.25/100ml",cannedFood,Superstore
Young Green Jackfruit In Brine,2.49,"540 g, $0.46/100g",cannedFood,Superstore
Chicken Luncheon Meat,2.89,"340 g, $0.88/100g",cannedFood,Superstore
"Flaked Light Tuna, Mayonnaise   ",1.49,"85 g, $2.11/100g",cannedFood,Superstore
Wild Albacore Flaked White Tuna,3.19,"170 g, $2.05/100g",cannedFood,Superstore
Solid White Tuna Low Sodium Albacore in Water,3.99,"170 g, $2.35/100g",cannedFood,Superstore
"Olives, Hot & Spicy",3.29,"375 ml, $0.88/100ml",cannedFood,Superstore
Vegetable Broth,1.69,"900 ml, $0.19/100ml",cannedFood,Superstore
Accents Spicy Red Pepper,2.79,"540 ml, $0.52/100ml",cannedFood,Superstore
Chickpea Dip Hummus,1.49,"400 g, $0.37/100g",cannedFood,Superstore
Plant Based Vegetable and Bean Chili,3.49,"400 g, $0.87/100g",cannedFood,Superstore
Dark Red Kidney Beans,1.79,"540 ml, $0.33/100ml",cannedFood,Superstore
White Kidney Beans,1.99,"540 ml, $0.37/100ml",cannedFood,Superstore
Flakes of Turkey by Maple Leaf,3.49,"156 g, $2.24/100g",cannedFood,Superstore
"Brisling Sardines, Olive Oil",3.49,"106 g, $3.29/100g",cannedFood,Superstore
Pineapple Slices In Extra Light Syrup,2.99,"540 ml, $0.55/100ml",cannedFood,Superstore
"Sardines in Tomato Sauce, Regular",1.19,"155 g, $0.77/100g",cannedFood,Superstore
Chickpeas ,1.29,"540 ml, $0.28/100ml",cannedFood,Superstore
Albacore Tuna White Flake in Water,3.99,"170 g, $2.35/100g",cannedFood,Superstore
Real Hormel Bacon,2.97,"340 g, $1.18/100g",cannedFood,Superstore
World of Flavours Indian Chicken Mulligatawny,2.99,"540 ml, $0.55/100ml",cannedFood,Superstore
Chicken Gumbo,1.99,"284 ml, $0.88/100ml",cannedFood,Superstore
Tropical Fruit Salad,11.49,"2.84 l, $0.40/100ml",cannedFood,Superstore
"Oysters, Smoked",2.49,"85 g, $2.93/100g",cannedFood,Superstore
Chipotle BBQ Style Beans in a Smokey BBQ Sauce,1.99,"398 ml, $0.50/100ml",cannedFood,Superstore
Blue Menu Turkey Breast Seasoned Chunk,3.49,"142 g, $2.46/100g",cannedFood,Superstore
World of Flavours Thai Chicken Soup,2.99,"540 ml, $0.55/100ml",cannedFood,Superstore
Poutine Gravy,1.25,"398 ml, $0.31/100ml",cannedFood,Superstore
"Poutine Gravy, Smoked Bacon",2.49,"398 ml, $0.63/100ml",cannedFood,Superstore
Whole Green Olives in Brine,9.99,"1.5 l, $0.67/100ml",cannedFood,Superstore
"Corn Niblets, Whole Kernel",1.79,"199 ml, $0.90/100ml",cannedFood,Superstore
"Sardines, Spring Water",1.99,"106 g, $1.88/100g",cannedFood,Superstore
Wild Skinless Boneless Sockeye Salmon,6.99,"150 g, $4.66/100g",cannedFood,Superstore
Tocino Flavoured,2.97,"340 g, $1.32/100g",cannedFood,Superstore
Chickpeas,1.69,"540 ml, $0.31/100ml",cannedFood,Superstore
Extra Large Faba Beans ,2.49,"540 ml, $0.46/100ml",cannedFood,Superstore
Sweetlet Peas ,1.67,"398 ml, $0.50/100ml",cannedFood,Superstore
Cream Style Corn,1.69,"398 ml, $0.42/100ml",cannedFood,Superstore
"Baby Clams, Whole Yellow In Water",3.29,"142 ml, $2.32/100ml",cannedFood,Superstore
Slow Burn Homestyle Pork Chili With Beans,3.99,"425 g, $0.94/100g",cannedFood,Superstore
Sushi Ginger,1.49,"210 g, $0.95/100g",cannedFood,Superstore
Corned Beef & Garlic,4.88,"326 g, $1.84/100g",cannedFood,Superstore
Condensed Cream Of Celery Soup,1.99,"284 ml, $0.88/100ml",cannedFood,Superstore
Pear Halves in Light Syrup,3.49,"796 ml, $0.44/100ml",cannedFood,Superstore
Pea Soup with Smoked Ham,2.99,"796 ml, $0.41/100ml",cannedFood,Superstore
Tuna Salad With Quinoa & Olive Oil,4.49,"160 g, $2.81/100g",cannedFood,Superstore
"Sardines, Tomato Sauce",1.99,"106 g, $1.88/100g",cannedFood,Superstore
Premium Diced Tomatoes,2.49,"796 ml, $0.31/100ml",cannedFood,Superstore
Chili Salted Radish Strip,3.99,"369 g, $1.08/100g",cannedFood,Superstore
"Tuna, Solid Light In Olive Oil",7.99,"3x80.0 g, $3.33/100g",cannedFood,Superstore
Plant Based Tunaless Chunks in Spring Water,1.49,"110 g, $1.35/100g",cannedFood,Superstore
Corned Beef,2.97,"340 g, $1.47/100g",cannedFood,Superstore
Fava Beans,1.49,"540 ml, $0.28/100ml",cannedFood,Superstore
Bean Medley,2.49,"398 ml, $0.63/100ml",cannedFood,Superstore
"Flaked Light Tuna, Thai Chili  ",1.49,"85 g, $2.11/100g",cannedFood,Superstore
"Crabmeat, 15% Leg Meat",4.79,"120 g, $3.99/100g",cannedFood,Superstore
Portuguese Sardines in Hot Sauce,2.79,"120 g, $2.33/100g",cannedFood,Superstore
Fiesta Tropical Mixed Fruit in Heavy Syrup,3.29,"796 ml, $0.46/100ml",cannedFood,Superstore
"Wild Pacific Pink Salmon, Sustainably Sourced ",3.29,"170 g, $1.94/100g",cannedFood,Superstore
Canadian Atlantic Salmon,5.99,"150 g, $3.99/100g",cannedFood,Superstore
Miniature Cobs of Corn,1.79,"398 ml, $0.45/100ml",cannedFood,Superstore
Six Bean Blend,1.49,"540 ml, $0.28/100ml",cannedFood,Superstore
Roasted Red Pepper & Tomato,1.99,"284 ml, $0.88/100ml",cannedFood,Superstore
Black-Eyed Peas,1.49,"540 ml, $0.28/100ml",cannedFood,Superstore
Lebanese Chickpeas,1.49,"400 g, $0.37/100g",cannedFood,Superstore
Organic Diced Tomatoes,5.49,"796 ml, $0.69/100ml",cannedFood,Superstore
Cooked Ham,5.49,"454 g, $1.21/100g",cannedFood,Superstore
Peach Slices in Juice,2.69,"398 ml, $0.75/100ml",cannedFood,Superstore
Diced Tomatoes with Italian Spices,2.79,"796 ml, $0.35/100ml",cannedFood,Superstore
Chunky Beef,2.99,"515 ml, $0.68/100ml",cannedFood,Superstore
In Light Fruit Juice Syrup Pineapple Chunks,4.99,"540 ml, $0.92/100ml",cannedFood,Superstore
Beans in Maple Syrup,1.69,"398 ml, $0.42/100ml",cannedFood,Superstore
Pineapple Tidbits in Pineapple Juice,1.79,"540 ml, $0.33/100ml",cannedFood,Superstore
Cream of Chicken Soup,1.99,"284 ml, $0.88/100ml",cannedFood,Superstore
Castelvetrano Olives,6.99,"375 ml, $1.86/100ml",cannedFood,Superstore
Bean Medley,1.99,"540 ml, $0.37/100ml",cannedFood,Superstore
Ready To Serve Soup Minestrone,3.79,"540 ml, $0.70/100ml",cannedFood,Superstore
Chicken Noodle Soup,3.79,"540 ml, $0.70/100ml",cannedFood,Superstore
Condensed Soup Cheddar Cheese,1.99,"284 ml, $0.88/100ml",cannedFood,Superstore
Fruit Cocktail in Light Syrup,3.49,"796 ml, $0.44/100ml",cannedFood,Superstore
Smoked Whole Responsibly Farmed Mussels In Sunflower Oil,1.79,"85 g, $2.34/100g",cannedFood,Superstore
Stewed Prunes,5.79,"767 ml, $0.85/100ml",cannedFood,Superstore
"Pear, Halves, in Juice",3.49,"796 ml, $0.44/100ml",cannedFood,Superstore
"Artichoke Hearts, Whole",4.49,"398 ml, $1.13/100ml",cannedFood,Superstore
Yum Yum Sweet Pickles,4.79,"500 ml, $0.96/100ml",cannedFood,Superstore
Black Olives,5.49,"1 l, $0.55/100ml",cannedFood,Superstore
Spanish Cocktail Olives,1.99,"375 ml, $0.53/100ml",cannedFood,Superstore
No Salt Added Beef Broth,2.19,"900 ml, $0.25/100ml",cannedFood,Superstore
Capers,3.29,"125 ml, $2.63/100ml",cannedFood,Superstore
"Artichoke Hearts, Whole",4.49,"398 ml, $1.13/100ml",cannedFood,Superstore
Spanish Cocktail Olives,1.99,"375 ml, $0.53/100ml",cannedFood,Superstore
Yum Yum Sweet Pickles,4.79,"500 ml, $0.96/100ml",cannedFood,Superstore
Green Olives with Garlic,12.49,"1 l, $1.25/100ml",cannedFood,Superstore
No Salt Added Beef Broth,2.19,"900 ml, $0.25/100ml",cannedFood,Superstore
Pickle Spears Garlic & Dill,5.99,"750 ml, $0.80/100ml",cannedFood,Superstore
Hearty Chicken Noodle Soup,2.99,"540 ml, $0.55/100ml",cannedFood,Superstore
Beef Ravioli,1.99,"425 g, $0.47/100g",cannedFood,Superstore
"Pickles, Bread & Butter Chips",5.99,"1 l, $0.60/100ml",cannedFood,Superstore
Condensed Vegetable Soup,0.99,"284 ml, $0.35/100ml",cannedFood,Superstore
Garden Vegetable Minestrone Ready to Serve Soup,2.99,"515 ml, $0.64/100ml",cannedFood,Superstore
"Homestyle Chili, Canned",4.49,"425 g, $1.06/100g",cannedFood,Superstore
Bunslapper Pickles,6.99,"500 ml, $1.40/100ml",cannedFood,Superstore
Tuna Salad with Corn,4.79,"160 g, $2.99/100g",cannedFood,Superstore
Baked Beans - Molasses with Pork,2.19,"398 ml, $0.63/100ml",cannedFood,Superstore
Condensed Cream Of Mushroom Soup,0.99,"284 ml, $0.35/100ml",cannedFood,Superstore
Corned Beef ,4.49,"340 g, $1.32/100g",cannedFood,Superstore
"Kalamata Olives, Pitted",3.99,"375 ml, $1.06/100ml",cannedFood,Superstore
Flakes of Chicken by Maple Leaf,3.49,"156 g, $2.24/100g",cannedFood,Superstore
Cream of Mushroom Soup,2.99,"540 ml, $0.55/100ml",cannedFood,Superstore
Sliced Sweet Red Peppers,3.49,"300 ml, $1.22/100ml",cannedFood,Superstore
Pineapple Slices in Pineapple Juice,2.29,"398 ml, $0.58/100ml",cannedFood,Superstore
Classic Chicken Noodle Ready to Serve Soup,2.99,"515 ml, $0.64/100ml",cannedFood,Superstore
Southwest Style Chicken With Beans,3.99,"425 g, $0.94/100g",cannedFood,Superstore
Shredded Celery Root,2.99,"398 ml, $0.75/100ml",cannedFood,Superstore
Creamy Chicken Noodle Soup Ready to Serve Soup,2.99,"515 ml, $0.68/100ml",cannedFood,Superstore
Pieces & Stems Mushroom Medley,1.99,"284 ml, $0.70/100ml",cannedFood,Superstore
"Wild Solid White Albacore Tuna, No Salt Added",6.79,"150 g, $4.53/100g",cannedFood,Superstore
"Cream of Chicken Condensed Soup, 50% Less Fat",1.49,"284 ml, $0.52/100ml",cannedFood,Superstore
Assorted Sizes Cut Wax Beans,1.29,"398 ml, $0.32/100ml",cannedFood,Superstore
"Broth, Consommé",1.99,"284 ml, $0.88/100ml",cannedFood,Superstore
Lychee in Syrup,4.49,"530 ml, $0.85/100ml",cannedFood,Superstore
"Beans, Pork & Molasses",1.99,"398 ml, $0.50/100ml",cannedFood,Superstore
Tomato Parmesan Soup,3.79,"540 ml, $0.70/100ml",cannedFood,Superstore
"Cranberry Sauce, Whole Berry",2.99,"348 ml, $0.86/100ml",cannedFood,Superstore
"Sardines, Soy Oil",1.99,"106 g, $1.88/100g",cannedFood,Superstore
Creamy Style Sweet Corn,1.79,"284 ml, $0.63/100ml",cannedFood,Superstore
Sardines In Soy Oil   ,1.49,"125 g, $1.43/100g",cannedFood,Superstore
Tomato Basil Flaked Light Tuna,1.49,"85 g, $1.75/100g",cannedFood,Superstore
Green Broad Beans,2.49,"540 ml, $0.46/100ml",cannedFood,Superstore
Blue Menu Chicken Breast Seasoned Chunk,3.49,"142 g, $2.46/100g",cannedFood,Superstore
"Whole Kernel Corn, Peaches & Cream No Salt Added",1.69,"341 ml, $0.50/100ml",cannedFood,Superstore
Tomato Soup,16.49,"12x284.0 ml, $0.48/100ml",cannedFood,Superstore
Skipjack Flaked Light Tuna in Water,2.99,"120 g, $2.49/100g",cannedFood,Superstore
Whole Hearts Of Palm,3.49,"398 ml, $0.88/100ml",cannedFood,Superstore
"Sardines, In Tomato Sauce Chili Added ",0.99,"155 g, $0.77/100g",cannedFood,Superstore
Heirloom Early Harvest Tomatoes Crushed,3.99,"796 ml, $0.50/100ml",cannedFood,Superstore
Carrot and Ginger Ready-to-Serve Soup,2.99,"500 ml, $0.60/100ml",cannedFood,Superstore
Heirloom Early Harvest Tomatoes Crushed,3.99,"796 ml, $0.50/100ml",cannedFood,Superstore
Sustainably Sourced Wild Pacific Sockeye Salmon,4.69,"213 g, $2.34/100g",cannedFood,Superstore
Red Kidney Beans,1.29,"540 ml, $0.28/100ml",cannedFood,Superstore
Pear Halves in Water,1.99,"398 ml, $0.50/100ml",cannedFood,Superstore
Mackerel In Tomato Sauce With Chili,7.79,"425 g, $1.83/100g",cannedFood,Superstore
Large Lima Beans,2.49,"540 ml, $0.46/100ml",cannedFood,Superstore
Whole Tomatoes With Herbs & Spices ,2.79,"796 ml, $0.35/100ml",cannedFood,Superstore
Wasabi,2.49,"43 g, $5.79/100g",cannedFood,Superstore
"Red Kidney Beans, No Salt Added",1.99,"540 ml, $0.37/100ml",cannedFood,Superstore
Lite 25% Less Fat Than Our Regular Luncheon Meat,2.97,"340 g, $1.18/100g",cannedFood,Superstore
Unsweetened Apple Sauce,3.49,"625 ml, $0.64/100ml",cannedFood,Superstore
Slow-Cooked Beans In Tomato Sauce,1.50,"398 ml, $0.38/100ml",cannedFood,Superstore
Organic Kidney Beans,3.29,"398 ml, $0.83/100ml",cannedFood,Superstore
"Sardines, In Tomato Sauce Chili Added ",0.99,"155 g, $0.77/100g",cannedFood,Superstore
Tuna Salad With Couscous & Olive Oil,4.49,"160 g, $2.81/100g",cannedFood,Superstore
"Whole Kernel Corn, Peaches & Cream No Salt Added",1.69,"341 ml, $0.50/100ml",cannedFood,Superstore
Tomato Parmesan Soup,3.79,"540 ml, $0.70/100ml",cannedFood,Superstore
Assorted Sizes Cut Wax Beans,1.29,"398 ml, $0.32/100ml",cannedFood,Superstore
Flakes Of Ham,2.49,"156 g, $1.60/100g",cannedFood,Superstore
Chicken Noodle Soup with Less Salt,3.49,"540 ml, $0.65/100ml",cannedFood,Superstore
"Flaked Light Tuna, Dill & Lemon",1.99,"85 g, $2.34/100g",cannedFood,Superstore
"Organic Mushrooms, Pieces & Stems",1.99,"284 ml, $0.70/100ml",cannedFood,Superstore
Condensed Soup Cream Of Celery,1.49,"284 ml, $0.52/100ml",cannedFood,Superstore
Mackerel In Water With Salt,7.79,"425 g, $1.83/100g",cannedFood,Superstore
Chicken Broth,1.99,"900 ml, $0.22/100ml",cannedFood,Superstore
Sliced Carrots,1.29,"398 ml, $0.32/100ml",cannedFood,Superstore
Beef Stew,2.79,"410 g, $0.68/100g",cannedFood,Superstore
"Accents Tomatoes Whole, Club Pack",14.99,"8x796.0 ml, $0.24/100ml",cannedFood,Superstore
Small Red Beans,1.29,"540 ml, $0.28/100ml",cannedFood,Superstore
"Cream of Mushroom Soup, Club Pack",16.49,"12x284.0 ml, $0.48/100ml",cannedFood,Superstore
"Cream of Chicken Soup, Low Fat",1.99,"284 ml, $0.88/100ml",cannedFood,Superstore
Pickled Wild Cucumbers,5.49,"1 kg, $0.55/100g",cannedFood,Superstore
"Chunk Light Yellowfin Tuna, In Water",2.79,"142 g, $1.96/100g",cannedFood,Superstore
Cut Wax Beans,1.69,"398 ml, $0.42/100ml",cannedFood,Superstore
Creamy Style Sweet Corn,2.49,"540 ml, $0.46/100ml",cannedFood,Superstore
Smoked Whole Responsibly Farmed Oysters In Sunflower Oil,1.99,"85 g, $2.34/100g",cannedFood,Superstore
Marinated Quartered Artichoke Hearts,14.99,"1.8 l, $0.83/100ml",cannedFood,Superstore
Prepared Red Cabbage,3.79,"720 ml, $0.62/100ml",cannedFood,Superstore
Blaturtle Beans     ,1.29,"540 ml, $0.28/100ml",cannedFood,Superstore
White Kidney Beans,1.29,"540 ml, $0.28/100ml",cannedFood,Superstore
"Cream of Mushroom Condensed Soup, Reduced Fat",1.49,"284 ml, $0.52/100ml",cannedFood,Superstore
Diced Tomatoes,2.00,"796 ml, $0.25/100ml",cannedFood,Superstore
Pink Salmon,5.49,"418 g, $1.43/100g",cannedFood,Superstore
Sliced Water Chestnuts,1.49,"218 ml, $0.68/100ml",cannedFood,Superstore
Bean with Bacon,1.99,"284 ml, $0.88/100ml",cannedFood,Superstore
Sardines Boneless Fillets Olive Oil,2.79,"106 g, $2.63/100g",cannedFood,Superstore
Crushed Tomatoes,2.49,"796 ml, $0.31/100ml",cannedFood,Superstore
Small Red Beans,1.29,"540 ml, $0.28/100ml",cannedFood,Superstore
"Cream of Mushroom Soup, Club Pack",16.49,"12x284.0 ml, $0.48/100ml",cannedFood,Superstore
Prepared Red Cabbage,3.79,"720 ml, $0.62/100ml",cannedFood,Superstore
Flaked White Tuna,3.99,"170 g, $2.35/100g",cannedFood,Superstore
Homestyle Chicken Noodle Condensed Soup,1.99,"284 ml, $0.88/100ml",cannedFood,Superstore
Won Ton Soup,4.69,"398 ml, $1.18/100ml",cannedFood,Superstore
Accents Tomatoes Garlic Oil,2.79,"540 ml, $0.52/100ml",cannedFood,Superstore
Chicken Noodle Soup,1.19,"284 ml, $0.42/100ml",cannedFood,Superstore
Tomatoes Accents Italian,2.79,"540 ml, $0.52/100ml",cannedFood,Superstore
Wild Pacific Pink Salmon   ,4.49,"213 g, $2.11/100g",cannedFood,Superstore
Chunky Steak & Potatoes,2.99,"515 ml, $0.68/100ml",cannedFood,Superstore
Bean with Bacon,1.99,"284 ml, $0.88/100ml",cannedFood,Superstore
Sweet and Tender Small Peas,1.49,"284 ml, $0.52/100ml",cannedFood,Superstore
Lupini Beans,2.49,"540 ml, $0.46/100ml",cannedFood,Superstore
Sardines,1.49,"106 g, $1.41/100g",cannedFood,Superstore
Spaghetti in Tomato Sauce with Cheese,1.99,"398 ml, $0.50/100ml",cannedFood,Superstore
Baked Beans in Tomato Sauce,14.99,"12x398.0 ml, $0.31/100ml",cannedFood,Superstore
Sliced Water Chestnuts,0.89,"227 ml, $0.44/100ml",cannedFood,Superstore
Diced Tomatoes in Puree No Salt Added,2.49,"796 ml, $0.31/100ml",cannedFood,Superstore
"Wild Pacific Sardines, Tomato Sauce",3.99,"120 g, $3.33/100g",cannedFood,Superstore
Creamy Style Sweet Corn,2.49,"540 ml, $0.46/100ml",cannedFood,Superstore
Condensed Broccoli Cheese Soup,1.99,"284 ml, $0.88/100ml",cannedFood,Superstore
Sliced Water Chestnuts,1.49,"218 ml, $0.68/100ml",cannedFood,Superstore
"Stuffed Queen Olives, Club Pack",12.49,"2 l, $0.62/100ml",cannedFood,Superstore
Salmon Sockeye,5.99,"170 g, $3.52/100g",cannedFood,Superstore
Young Green Jackfruit In Brine,2.99,"540 ml, $0.55/100ml",cannedFood,Superstore
"Wild Salmon Red Pacific, 3 Pack",13.49,"142 g, $3.17/100g",cannedFood,Superstore
Corned Beef Hash,5.99,"425 g, $1.41/100g",cannedFood,Superstore
Organic Pinto Beans,3.29,"398 ml, $0.83/100ml",cannedFood,Superstore
Red Kidney Beans,6.99,"2.84 l, $0.25/100ml",cannedFood,Superstore
Sustainably Sourced Wild Pacific Pink Salmon,3.49,"213 g, $1.64/100g",cannedFood,Superstore
Special Pork Village Pate,2.79,"130 g, $2.15/100g",cannedFood,Superstore
Smoked Oysters with Spicy Chili,2.49,"85 g, $2.93/100g",cannedFood,Superstore
Pink Salmon Wild Pacific,3.29,"142 g, $2.32/100g",cannedFood,Superstore
Peas & Carrots,1.29,"398 ml, $0.32/100ml",cannedFood,Superstore
Flakes of Turkey,2.19,"142 g, $1.40/100g",cannedFood,Superstore
"Lima Beans, Large",2.99,"540 ml, $0.55/100ml",cannedFood,Superstore
Fruit Cocktail In Water,1.99,"398 ml, $0.50/100ml",cannedFood,Superstore
Fruit Salad in Juice    ,4.49,"796 ml, $0.63/100ml",cannedFood,Superstore
Honey Baked Beans,2.19,"398 ml, $0.63/100ml",cannedFood,Superstore
"Red Peppers, Roasted",5.99,"500 ml, $1.20/100ml",cannedFood,Superstore
"Chicken Snacks, Original",1.99,"99 g, $2.31/100g",cannedFood,Superstore
50% Less Salt Garlic Dill Pickles,5.29,"1 l, $0.53/100ml",cannedFood,Superstore
Whole Artichoke Hearts,2.99,"398 ml, $0.75/100ml",cannedFood,Superstore
"Tuna Salad Kit, Spicy Thai Chili ",1.99,"90 g, $2.54/100g",cannedFood,Superstore
Vegetable Broth,2.19,"900 ml, $0.25/100ml",cannedFood,Superstore
No Salt Added Vegetable Broth,2.19,"900 ml, $0.25/100ml",cannedFood,Superstore
Mild Black Beans ,2.19,"398 ml, $0.63/100ml",cannedFood,Superstore
Mild Jalapeño Peppers,4.99,"375 ml, $1.33/100ml",cannedFood,Superstore
Sweet Mix Pickles,5.29,"1 l, $0.53/100ml",cannedFood,Superstore
Sandwich Savers Yum Yum Sweet Pickles,4.79,"500 ml, $0.96/100ml",cannedFood,Superstore
Honey Baked Beans,2.19,"398 ml, $0.63/100ml",cannedFood,Superstore
"Tuna Salad Kit, Spicy Thai Chili ",1.99,"90 g, $2.54/100g",cannedFood,Superstore
Vegetable Broth,2.19,"900 ml, $0.25/100ml",cannedFood,Superstore
Savoury Beef & Onion Rich & Thick Stock ,2.49,"500 ml, $0.76/100ml",cannedFood,Superstore
Garden Style Vegetable Soup,2.99,"796 ml, $0.41/100ml",cannedFood,Superstore
Homestyle Baked Beans,2.19,"398 ml, $0.63/100ml",cannedFood,Superstore
Garlic Dills,5.99,"500 ml, $1.20/100ml",cannedFood,Superstore
Classique Chili With Beans,3.99,"425 g, $0.94/100g",cannedFood,Superstore
New England Clam Chowder Ready to Serve Soup,2.99,"515 ml, $0.64/100ml",cannedFood,Superstore
Kosher Pickle Halves,6.99,"1 l, $0.70/100ml",cannedFood,Superstore
Extra Large Pitted Ripe Olives,1.99,"398 ml, $0.50/100ml",cannedFood,Superstore
Bread & Butter Sweet Pickles,4.99,"1 l, $0.50/100ml",cannedFood,Superstore
Dill Pickles,3.29,"1 l, $0.33/100ml",cannedFood,Superstore
Sweet Mixed Pickles,4.99,"1 l, $0.50/100ml",cannedFood,Superstore
50% Less Salt Garlic Baby Dill Pickles,5.29,"1 l, $0.53/100ml",cannedFood,Superstore
No Garlic Dill Pickles,5.29,"1 l, $0.53/100ml",cannedFood,Superstore
"Green Olives, Small",5.49,"1 l, $0.55/100ml",cannedFood,Superstore
Ready To Serve Soup Potato Bacon,3.79,"540 ml, $0.70/100ml",cannedFood,Superstore
Italian Wedding Ready to Serve Soup ,2.99,"515 ml, $0.64/100ml",cannedFood,Superstore
"Kalamata Olives, Greek",3.99,"375 ml, $1.06/100ml",cannedFood,Superstore
"Kosher Baby Dill Pickles, Garlic",5.99,"1 l, $0.60/100ml",cannedFood,Superstore
Chicken and Rice Soup,3.79,"540 ml, $0.70/100ml",cannedFood,Superstore
Ready To Serve Soup Broccoli Cheese,2.99,"515 ml, $0.64/100ml",cannedFood,Superstore
"Chunky Chili, Homestyle",3.19,"425 g, $0.82/100g",cannedFood,Superstore
"Soup, Chicken With Rice",1.99,"284 ml, $0.88/100ml",cannedFood,Superstore
Ready to Serve Chicken Broth ,0.88,"412 ml, $0.34/100ml",cannedFood,Superstore
Chunky Ready To Serve Soup Creamy Thai Chicken And Rice,2.99,"515 ml, $0.68/100ml",cannedFood,Superstore
Peaches & Mandarins in Juice from Concentrate,3.49,"796 ml, $0.44/100ml",cannedFood,Superstore
"Olives, Medium, Whole, Ripe",1.99,"398 ml, $0.50/100ml",cannedFood,Superstore
Chickpeas,2.49,"398 ml, $0.63/100ml",cannedFood,Superstore
Black Beans,2.49,"398 ml, $0.63/100ml",cannedFood,Superstore
Black Eye Beans,1.29,"540 ml, $0.28/100ml",cannedFood,Superstore
Jackfruit In Syrup,2.99,"565 ml, $0.53/100ml",cannedFood,Superstore
"Chicken Noodle Soup, Club Pack",16.49,"12x284.0 ml, $0.48/100ml",cannedFood,Superstore
Pickled Mixed Vegetables,5.49,"1 kg, $0.55/100g",cannedFood,Superstore
Mango Slice In Light Syrup ,2.49,"425 g, $0.59/100g",cannedFood,Superstore
Sardine Filets,1.99,"100 g, $1.99/100g",cannedFood,Superstore
Cooked Ham ,4.49,"340 g, $1.32/100g",cannedFood,Superstore
Tomato and Roasted Red Pepper Ready-to-Serve Soup,2.99,"500 ml, $0.60/100ml",cannedFood,Superstore
"Organic Diced Tomatoes, Fire Roasted",5.49,"796 ml, $0.69/100ml",cannedFood,Superstore
Mini Bites,1.99,"425 g, $0.47/100g",cannedFood,Superstore
"Corn Niblets, Less Salt",1.67,"341 ml, $0.58/100ml",cannedFood,Superstore
Chunky® Spicy Chicken Noodle,2.99,"515 ml, $0.68/100ml",cannedFood,Superstore
"Flaked Light Tuna, Tomato & Onion",1.99,"85 g, $2.34/100g",cannedFood,Superstore
Chicken And Beef Luncheon Meat,3.49,"340 g, $1.03/100g",cannedFood,Superstore
Rich & Chunky Vegetable with Pasta Soup,2.99,"540 ml, $0.55/100ml",cannedFood,Superstore
Beans in Tomato Sauce,1.50,"398 ml, $0.38/100ml",cannedFood,Superstore
Baked Beans with Pork in Tomato Sauce,14.99,"12x398.0 ml, $0.31/100ml",cannedFood,Superstore
SwissChalet Sauce Beef Gravy,1.99,"284 ml, $0.70/100ml",cannedFood,Superstore
Corned Beef,4.79,"340 g, $1.47/100g",cannedFood,Superstore
Corned Beef Halal,2.97,"340 g, $1.47/100g",cannedFood,Superstore
Condensed Soup Vegetable,1.29,"284 ml, $0.52/100ml",cannedFood,Superstore
Wild Salmon Bowl Mediterranean,5.49,"160 g, $3.43/100g",cannedFood,Superstore
Ready To Serve Soup Butternut Squash,3.79,"540 ml, $7.02/100ml",cannedFood,Superstore
Pear Halves In Water,3.99,"540 ml, $0.74/100ml",cannedFood,Superstore
Snack Kit Light Tuna ,2.99,"103 g, $3.15/100g",cannedFood,Superstore
Red Kidney Beans,1.99,"796 ml, $0.25/100ml",cannedFood,Superstore
Green Olives with Red Pepper Paste ,6.49,"375 ml, $1.73/100ml",cannedFood,Superstore
OTG Tomato & Herb Bisque,3.79,"400 ml, $0.95/100ml",cannedFood,Superstore
Sardines In Sunflower Oil With Chili,1.79,"120 g, $1.49/100g",cannedFood,Superstore
Peeled Tomatoes,4.99,"800 g, $0.63/100g",cannedFood,Superstore
Kalamata Olives,12.49,"2 l, $0.83/100ml",cannedFood,Superstore
Pink Salmon,4.99,"150 g, $3.33/100g",cannedFood,Superstore
Wild Albacore Tuna Nosalt,7.99,"142 g, $5.63/100g",cannedFood,Superstore
Wild Skinless Boneless Pink Salmon,3.99,"150 g, $2.66/100g",cannedFood,Superstore
Summer Sweet Peas,1.67,"398 ml, $0.50/100ml",cannedFood,Superstore
Whole Plum Tomatoes,1.79,"796 ml, $0.22/100ml",cannedFood,Superstore
Butternut Squash and Garlic Ready-to-Serve Soup,2.99,"500 ml, $0.60/100ml",cannedFood,Superstore
Caper Berries,4.99,"220 ml, $2.27/100ml",cannedFood,Superstore
Tomato Rice Soup,1.99,"284 ml, $0.88/100ml",cannedFood,Superstore
Wild Sardines In Tomato Sauce,1.79,"125 g, $1.43/100g",cannedFood,Superstore
Cut Green Beans,1.67,"398 ml, $0.50/100ml",cannedFood,Superstore
Condensed Tomato with Basil and Oregano,1.99,"284 ml, $0.88/100ml",cannedFood,Superstore
Kesar Mango Pulp Sweetened,4.29,"850 g, $0.50/100g",cannedFood,Superstore
Small White Navy Beans,1.29,"540 ml, $0.28/100ml",cannedFood,Superstore
Whole Tomatoes,1.79,"796 ml, $0.22/100ml",cannedFood,Superstore
Seasoned Bean Salad Mild Curry,2.99,"398 ml, $0.75/100ml",cannedFood,Superstore
Peach Slices in Fruit Juice From Concentrate,3.79,"540 ml, $0.70/100ml",cannedFood,Superstore
"Beef Ravioli, Overstuffed",1.99,"425 g, $0.47/100g",cannedFood,Superstore
Mandarin Orange Segments in Fruit Juice From Concentrate,3.79,"540 ml, $0.70/100ml",cannedFood,Superstore
Trio Italiano Olives,6.99,"375 ml, $1.86/100ml",cannedFood,Superstore
Everyday Gourmet Roasted Potato and Spring Leek,3.69,"500 ml, $0.74/100ml",cannedFood,Superstore
Organic Tomato Paste,6.29,"300 ml, $2.10/100ml",cannedFood,Superstore
Cocktail Shrimp,4.49,"106 g, $4.24/100g",cannedFood,Superstore
Whole Kernel Corn,1.29,"341 ml, $0.38/100ml",cannedFood,Superstore
Soup Tomato,1.19,"284 ml, $0.42/100ml",cannedFood,Superstore
"Sardines, Lightly Smoked In Soy Oil",2.49,"106 g, $2.82/100g",cannedFood,Superstore
Condensed Soup Vegetable,1.19,"284 ml, $0.42/100ml",cannedFood,Superstore
Lasagna,1.99,"425 g, $0.47/100g",cannedFood,Superstore
Clam Juice,3.79,"236 ml, $1.61/100ml",cannedFood,Superstore
Original Beans in Tomato Sauce,14.49,"9x398.0 ml, $0.40/100ml",cannedFood,Superstore
Solid Light Tuna in Olive Oil,5.69,"240 g, $2.62/100g",cannedFood,Superstore
Chunky Corned Beef,5.49,"326 g, $1.84/100g",cannedFood,Superstore
"Cream of Celery Soup, Low Fat",1.99,"284 ml, $0.88/100ml",cannedFood,Superstore
Beef Broth Condensed,1.49,"284 ml, $0.52/100ml",cannedFood,Superstore
Ready To Serve Soup Creamy Chicken,3.79,"540 ml, $0.70/100ml",cannedFood,Superstore
Young Green Jackfruit,1.99,"565 g, $0.35/100g",cannedFood,Superstore
Chickpea And Faba Bean Mix  ,1.29,"540 ml, $0.28/100ml",cannedFood,Superstore
Corn Medley Southwest Style,2.99,"398 ml, $0.75/100ml",cannedFood,Superstore
Maple-Style Beans ,1.50,"398 ml, $0.38/100ml",cannedFood,Superstore
Boneless & Skinless Sustainably Sourced Wild Pacific Sockeye Salmon ,5.99,"170 g, $3.52/100g",cannedFood,Superstore
Concentrated Chicken Broth,2.29,"250 ml, $0.92/100ml",cannedFood,Superstore
"Peas, Assorted Sizes ",1.29,"398 ml, $0.32/100ml",cannedFood,Superstore
Sardines In Sunflower Oil,1.79,"120 g, $1.49/100g",cannedFood,Superstore
Clingstone Peach Halves in Juice From Concentrate,1.99,"398 ml, $0.50/100ml",cannedFood,Superstore
Wild Albacore Solid White Tuna,3.19,"170 g, $2.05/100g",cannedFood,Superstore
Sliced Pineapple in Pineapple Juice,1.79,"540 ml, $0.33/100ml",cannedFood,Superstore
"Peas, Small",1.69,"398 ml, $0.42/100ml",cannedFood,Superstore
"Seafood Snacks, Louisiana Hot Sauce",1.99,"100 g, $1.99/100g",cannedFood,Superstore
Whole Water Chestnuts,0.89,"227 ml, $0.44/100ml",cannedFood,Superstore
Pork Luncheon Meat,4.49,"340 g, $1.32/100g",cannedFood,Superstore
"Sardines, Hot Peppers",1.99,"106 g, $1.88/100g",cannedFood,Superstore
Lentils,1.49,"540 ml, $0.28/100ml",cannedFood,Superstore
Romano Beans,1.49,"540 ml, $0.28/100ml",cannedFood,Superstore
"Light Tuna, Flaked Skip Jack In Water",9.99,"6x170.0 g, $0.98/100g",cannedFood,Superstore
Beans Navy,1.49,"540 ml, $0.28/100ml",cannedFood,Superstore
Pear Halves in Fruit Juice from Concentrate,1.99,"398 ml, $0.50/100ml",cannedFood,Superstore
Diced Beets,2.99,"398 ml, $0.75/100ml",cannedFood,Superstore
Mackerel Mediterranean Style,3.19,"115 g, $3.03/100g",cannedFood,Superstore
Chicken Rice Soup,3.49,"540 ml, $0.65/100ml",cannedFood,Superstore
Zoodles Animal Shaped Pasta With Tomato Sauce,1.99,"398 ml, $0.50/100ml",cannedFood,Superstore
Mini Ravioli (Case),14.99,"8x425.0 ml, $0.44/100ml",cannedFood,Superstore
Assorted Sizes Cut Green Beans,1.29,"398 ml, $0.32/100ml",cannedFood,Superstore
Franco American Beef Gravy,1.49,"284 ml, $0.70/100ml",cannedFood,Superstore
"White Tuna, Flaked Albacore In Water",10.29,"3x170.0 g, $2.02/100g",cannedFood,Superstore
Chunky Chicken Corn Chowder,2.99,"515 ml, $0.68/100ml",cannedFood,Superstore
Peach Halves in Juice Fruit Juice,2.69,"398 ml, $0.75/100ml",cannedFood,Superstore
Whole White Potatoes,1.49,"540 ml, $0.28/100ml",cannedFood,Superstore
Beans with Pork and Molasses,1.50,"398 ml, $0.38/100ml",cannedFood,Superstore
"Broth, Beef",1.99,"284 ml, $0.88/100ml",cannedFood,Superstore
Citrus Pepper Flaked Light Tuna,1.49,"85 g, $1.75/100g",cannedFood,Superstore
Sliced Pears in Fruit Juice from Concentrate,3.79,"540 ml, $0.70/100ml",cannedFood,Superstore
Chunky Mixed Fruit in Juice From Concentrate,3.49,"796 ml, $0.44/100ml",cannedFood,Superstore
Bush Brown Sugar Hickory,2.19,"398 ml, $0.63/100ml",cannedFood,Superstore
Pho Broth,2.19,"900 ml, $0.25/100ml",cannedFood,Superstore
Pickled Cucumbers,5.49,"1 kg, $0.55/100g",cannedFood,Superstore
"Tuna Salad Kit, Classic",1.99,"90 g, $2.54/100g",cannedFood,Superstore
Sliced Pickled Turnips,4.99,"1 kg, $0.50/100g",cannedFood,Superstore
Beef Broth,2.19,"900 ml, $0.25/100ml",cannedFood,Superstore
Hot and Spicy Pickle Spears,5.99,"750 ml, $0.80/100ml",cannedFood,Superstore
Spicy Kidney Chili Beans,2.19,"398 ml, $0.63/100ml",cannedFood,Superstore
Garlic Stuffed Olives,7.99,"398 ml, $2.01/100ml",cannedFood,Superstore
Bread & Butter Deli Sliced Sweet Pickles,2.99,"500 ml, $0.60/100ml",cannedFood,Superstore
Pickled Sliced Beets,5.29,"750 ml, $0.71/100ml",cannedFood,Superstore
12 Vegetable Antipasto,5.99,"400 ml, $1.50/100ml",cannedFood,Superstore
"Extreme Bean, Hot & Spicy",8.99,"1 l, $0.90/100ml",cannedFood,Superstore
Peperoncini Chopped Hot Chili Peppers In Oil,6.99,"270 g, $2.59/100g",cannedFood,Superstore
50% Less Salt Sandwich Savers Pickles,4.79,"500 ml, $0.96/100ml",cannedFood,Superstore
New England-Style Clam Chowder,2.99,"540 ml, $0.55/100ml",cannedFood,Superstore
"Ginger, Garlic & Soy Rich & Thick Stock ",2.49,"500 ml, $0.76/100ml",cannedFood,Superstore
Original Baked Beans,2.19,"398 ml, $0.63/100ml",cannedFood,Superstore
Peperoncini Pepper,4.79,"750 ml, $0.64/100ml",cannedFood,Superstore
Sun-Dried Tomatoes in Seasoned Oil,5.99,"270 ml, $2.22/100ml",cannedFood,Superstore
Hot & Zesty Deli Sliced Pickles,2.99,"500 ml, $0.60/100ml",cannedFood,Superstore
Mammoth Stuffed Queen Olives,6.49,"750 ml, $0.87/100ml",cannedFood,Superstore
Zesty Garlic Deli Sliced Dill Pickles,2.99,"500 ml, $0.60/100ml",cannedFood,Superstore
Baby Dills Baby Dill Pickles Garlic & Dill,5.49,"750 ml, $0.73/100ml",cannedFood,Superstore
Sour Pickled Onions,3.29,"375 ml, $0.88/100ml",cannedFood,Superstore
"Green Olives, Giant    ",12.49,"1.5 l, $0.83/100ml",cannedFood,Superstore
Pickled Hot Banana Pepper Rings,9.99,"2 l, $0.50/100ml",cannedFood,Superstore
Marinated Quartered Artichoke Hearts,1.99,"170 ml, $1.17/100ml",cannedFood,Superstore
Sweet Gherkins Pickles ,2.99,"375 ml, $0.80/100ml",cannedFood,Superstore
Ackees In Salt Water,10.99,"540 ml, $2.04/100ml",cannedFood,Superstore
Wine Sauerkraut,5.99,"1 l, $0.60/100ml",cannedFood,Superstore
"Pickled Beans, Hot & Spicy",5.99,"500 ml, $1.20/100ml",cannedFood,Superstore
"Black Olives, Sliced",3.49,"375 ml, $0.93/100ml",cannedFood,Superstore
Spinach Puree     ,3.99,"850 g, $0.56/100g",cannedFood,Superstore
Whole Mushrooms,1.25,"284 ml, $0.44/100ml",cannedFood,Superstore
30% Less Sodium Beef Broth,2.19,"900 ml, $0.25/100ml",cannedFood,Superstore
Vegetable Garden Four Bean Chili,3.99,"425 g, $0.94/100g",cannedFood,Superstore
Savoury Beans Black Bean Fiesta,2.19,"398 ml, $0.63/100ml",cannedFood,Superstore
Original Beans with Brown Sugar and Bacon,1.99,"398 ml, $0.50/100ml",cannedFood,Superstore
"Tomatoes, Crushed",2.79,"796 ml, $0.35/100ml",cannedFood,Superstore
30% Less Sodium Chicken Broth,2.19,"900 ml, $0.25/100ml",cannedFood,Superstore
Chili Bamboo Shoot Strip,3.99,"340 g, $1.17/100g",cannedFood,Superstore
Chickpeas,1.99,"796 ml, $0.25/100ml",cannedFood,Superstore
Dark Red Kidney Beans,1.69,"540 ml, $0.31/100ml",cannedFood,Superstore
Chunky Baked Potato with Bacon,2.99,"515 ml, $0.68/100ml",cannedFood,Superstore
"Cream of Mushroom, No Salt Added",1.99,"284 ml, $0.88/100ml",cannedFood,Superstore
Chunky Corned Beef,2.97,"340 g, $1.61/100g",cannedFood,Superstore
Mandarin Orange in Light Syrup,1.29,"284 ml, $0.45/100ml",cannedFood,Superstore
Sliced Water Chestnuts,2.19,"227 ml, $0.96/100ml",cannedFood,Superstore
White Kidney Beans,1.79,"540 ml, $0.33/100ml",cannedFood,Superstore
Thai Red Curry Soup,4.69,"398 ml, $1.18/100ml",cannedFood,Superstore
Corn Medley Mexican Style,2.99,"398 ml, $0.75/100ml",cannedFood,Superstore
Spicy Tuna with Hot Pepper Sauce & Vegetables,3.99,"150 g, $2.66/100g",cannedFood,Superstore
Pinto Beans,1.99,"540 ml, $0.37/100ml",cannedFood,Superstore
Light Tuna Fillets in Olive Oil,8.99,"180 g, $4.99/100g",cannedFood,Superstore
Salad Bar Mixed Beans,1.29,"540 ml, $0.28/100ml",cannedFood,Superstore
"Sardines, Mediterranean",2.49,"106 g, $2.82/100g",cannedFood,Superstore
Heirloom Diced Tomato,2.79,"398 ml, $0.70/100ml",cannedFood,Superstore
Chickpeas,1.99,"796 ml, $0.25/100ml",cannedFood,Superstore
Dark Red Kidney Beans,1.69,"540 ml, $0.31/100ml",cannedFood,Superstore
Fully Cooked Luncheon Meat Maple Flavoured,2.97,"340 g, $1.18/100g",cannedFood,Superstore
Assorted Sizes Peas,1.49,"284 ml, $0.52/100ml",cannedFood,Superstore
"Chick Peas, No Salt Added",1.99,"540 ml, $0.37/100ml",cannedFood,Superstore
"Cream of Broccoli Soup, Low Fat",1.99,"284 ml, $0.88/100ml",cannedFood,Superstore
Blue Mackerel Chunks in Tomato Sauce,2.99,"230 g, $1.30/100g",cannedFood,Superstore
Blue Menu Sliced Mushrooms,1.49,"284 ml, $0.52/100ml",cannedFood,Superstore
Lychee in Syrup,2.79,"540 ml, $0.52/100ml",cannedFood,Superstore
"Cream of Chicken, No Salt Added",1.99,"284 ml, $0.88/100ml",cannedFood,Superstore
Hearts Of Palm Whole,3.69,"398 ml, $0.93/100ml",cannedFood,Superstore
Light Classic Chicken Noodle Ready to Serve Soup,2.99,"515 ml, $0.64/100ml",cannedFood,Superstore
Sustainably Sourced Wild Pacific Pink Salmon,5.29,"418 g, $1.27/100g",cannedFood,Superstore
Backyard Bbq Pork Chili With Beans,3.99,"425 g, $0.94/100g",cannedFood,Superstore
Insalatissime Light Tuna Salad Lentils,4.79,"160 g, $2.99/100g",cannedFood,Superstore
Beef Broth,1.99,"900 ml, $0.22/100ml",cannedFood,Superstore
Beans with Tomato Sauce,1.69,"398 ml, $0.42/100ml",cannedFood,Superstore
Seasoned Bean Salad Southwest,2.99,"398 ml, $0.75/100ml",cannedFood,Superstore
Chunky Chicken A La King,2.99,"515 ml, $0.68/100ml",cannedFood,Superstore
British Style Beans in Tomato Sauce,1.49,"398 ml, $0.50/100ml",cannedFood,Superstore
Skipjack In Basil Infused Oil Solid Light Tuna,5.69,"240 g, $2.62/100g",cannedFood,Superstore
"Fruit Cocktail, Water Packed No Sugar Added",2.69,"398 ml, $0.75/100ml",cannedFood,Superstore
Instant Red Curry,3.29,"400 g, $0.82/100g",cannedFood,Superstore
Mini Ravioli,4.49,"1.13 kg, $0.40/100g",cannedFood,Superstore
Pickled Asparagus Spears,10.99,"970 ml, $1.13/100ml",cannedFood,Superstore
"Broth, Chicken",1.99,"284 ml, $0.88/100ml",cannedFood,Superstore
Chunk White Tuna Albacore in Water,3.99,"170 g, $2.35/100g",cannedFood,Superstore
Flakes of Ham,2.19,"156 g, $1.40/100g",cannedFood,Superstore
Marinated Mixed Bean Salad,1.99,"540 ml, $0.37/100ml",cannedFood,Superstore
Sardines Boneless Fillets Spring Water,2.79,"106 g, $2.63/100g",cannedFood,Superstore
Whole Water Chestnuts    ,2.19,"227 ml, $0.96/100ml",cannedFood,Superstore
Fruit Salad in Fruit Juice from Concentrate,3.79,"540 ml, $0.70/100ml",cannedFood,Superstore
Insalatissime Light Tuna Salad Chickpeas,4.79,"160 g, $2.99/100g",cannedFood,Superstore
"Flaked Light Tuna, In Water",1.49,"170 g, $1.05/100g",cannedFood,Superstore
"Tuna With Rice Crackers, Lemon & Pepper",2.99,"96 g, $3.11/100g",cannedFood,Superstore
Chunky Chicken with Rice,2.99,"515 ml, $0.68/100ml",cannedFood,Superstore
Sardine Filets Spring Water,1.99,"100 g, $1.99/100g",cannedFood,Superstore
Condensed Cream of Chicken Soup,1.49,"284 ml, $0.52/100ml",cannedFood,Superstore
Alphonso Mango Pulp Ratnagiri Sweetened,4.29,"850 g, $0.50/100g",cannedFood,Superstore
Condensed Beef Consommé ,1.49,"284 ml, $0.52/100ml",cannedFood,Superstore
"Wild Sockeye Salmon, No Added Salt",6.49,"160 g, $4.06/100g",cannedFood,Superstore
Reduced Sodium Beef Broth,1.69,"900 ml, $0.19/100ml",cannedFood,Superstore
Solid White Tuna,3.99,"170 g, $2.35/100g",cannedFood,Superstore
"Brisling Sardines, Slightly Smoked",2.99,"100 g, $2.99/100g",cannedFood,Superstore
Chicken Broth Condensed,1.49,"284 ml, $0.52/100ml",cannedFood,Superstore
Irish Stew,2.79,"410 g, $0.68/100g",cannedFood,Superstore
Canadian Atlantic Salmon,5.99,"150 g, $3.99/100g",cannedFood,Superstore
Sliced Stewed Tomatoes,1.79,"796 ml, $0.22/100ml",cannedFood,Superstore
Whole Tomatoes,2.00,"796 ml, $0.25/100ml",cannedFood,Superstore
Clingstone Peach Slices in Juice from Concentrate,3.49,"796 ml, $0.44/100ml",cannedFood,Superstore
Mixed Fruit with Cherries in Light Syrup,3.49,"796 ml, $0.44/100ml",cannedFood,Superstore
"Corn Niblets, Whole Kernel",2.49,"540 ml, $0.46/100ml",cannedFood,Superstore
Eggplant Dip Baba Ghanoush,2.99,"380 g, $0.79/100g",cannedFood,Superstore
Fava Beans,1.49,"400 g, $0.37/100g",cannedFood,Superstore
"Diced Tomatoes, Original",2.49,"283 g, $0.88/100g",cannedFood,Superstore
"Canned Soup, Condensed Cooking Cream Cauliflower",2.49,"284 ml, $0.88/100ml",cannedFood,Superstore
Cut Green Beans,1.69,"398 ml, $0.42/100ml",cannedFood,Superstore
"Peach Slices, Water Packed No Sugar Added    ",2.69,"398 ml, $0.75/100ml",cannedFood,Superstore
Organic Chick Peas,3.29,"398 ml, $0.83/100ml",cannedFood,Superstore
Canned Soup,1.99,"425 g, $0.47/100g",cannedFood,Superstore
Sardines In Spring Water   ,1.49,"125 g, $1.43/100g",cannedFood,Superstore
"Flaked Light Tuna, Spicy Thai Chili",1.99,"85 g, $2.34/100g",cannedFood,Superstore
Hot Spicy Tuna,3.99,"180 g, $2.77/100g",cannedFood,Superstore
Pickled Mustard,1.29,"300 g, $0.56/100g",cannedFood,Superstore
Chunky Chicken with Noodles ,2.99,"515 ml, $0.68/100ml",cannedFood,Superstore
"Flaked Light Tuna, Lemon & Pepper",1.99,"85 g, $2.34/100g",cannedFood,Superstore
Green Olives Stuffed With Almonds,6.49,"375 ml, $1.73/100ml",cannedFood,Superstore
Apricot Halves in Light Syrup,1.99,"398 ml, $0.50/100ml",cannedFood,Superstore
Tomatoes Accents Chili ,2.79,"540 ml, $0.52/100ml",cannedFood,Superstore
"Diced Tomatoes, Mild",2.49,"283 g, $0.88/100g",cannedFood,Superstore
Texas-Style BBQ Beef Ready to Serve Soup,2.99,"515 ml, $0.68/100ml",cannedFood,Superstore
Wild Salmon Bowl Fried Rice,5.49,"160 g, $3.43/100g",cannedFood,Superstore
Blue Menu Six Bean Medley,1.79,"540 ml, $0.33/100ml",cannedFood,Superstore
Chunky® Spicy Chicken & Sausage Gumbo,2.99,"515 ml, $0.68/100ml",cannedFood,Superstore
Romano Beans,1.99,"540 ml, $0.37/100ml",cannedFood,Superstore
"Flakes of Ham, Less Salt by Maple Leaf",3.49,"156 g, $2.24/100g",cannedFood,Superstore
Chunky Prime Rib & Vegetable,2.99,"515 ml, $0.68/100ml",cannedFood,Superstore
Tuna-Style Flakes In Oil,3.49,"100 g, $3.49/100g",cannedFood,Superstore
Pepper Gravy,2.49,"398 ml, $0.63/100ml",cannedFood,Superstore
Cod Liver,4.29,"120 g, $3.58/100g",cannedFood,Superstore
Flaked Light Tuna In Olive Oil,7.49,"240 g, $3.12/100g",cannedFood,Superstore
"Kitchen Basics  Cooking Stock, Unsalted Chicken",3.49,"946 ml, $0.37/100ml",cannedFood,Superstore
Plant Based Barbecue Jackfruit ,2.00,"300 g, $0.67/100g",cannedFood,Superstore
In Brine Salmon Fillet,8.49,"125 g, $6.79/100g",cannedFood,Superstore
Organic Chopped Tomatoes,2.49,"398 ml, $0.88/100ml",cannedFood,Superstore
Chickpeas,6.99,"2.84 l, $0.25/100ml",cannedFood,Superstore
Coconut Gel,2.49,"340 g, $0.73/100g",cannedFood,Superstore
Cream of Bacon,1.99,"284 ml, $0.88/100ml",cannedFood,Superstore
Lentils,1.69,"540 ml, $0.31/100ml",cannedFood,Superstore
Luncheon Meat,2.99,"340 g, $0.97/100g",cannedFood,Superstore
Clingstone Peach Halves in Light Syrup    ,3.49,"796 ml, $0.44/100ml",cannedFood,Superstore
Mackerel in Olive Oil,3.19,"115 g, $3.03/100g",cannedFood,Superstore
Chunky New England Clam Chowder,2.99,"515 ml, $0.68/100ml",cannedFood,Superstore
Village Pork Pate with Paprika,2.79,"130 g, $2.15/100g",cannedFood,Superstore
Luncheon Meat,2.99,"340 g, $0.97/100g",cannedFood,Superstore
Slow Cooked Beans with Pork and Molasses,1.50,"398 ml, $0.38/100ml",cannedFood,Superstore
Village Pork Pate with Paprika,2.79,"130 g, $2.15/100g",cannedFood,Superstore
Sardines In Tomato Sauce,0.99,"155 g, $0.77/100g",cannedFood,Superstore
"Homestyle Chicken Noodle, Light",1.99,"284 ml, $0.88/100ml",cannedFood,Superstore
Mackerel in Olive Oil,3.19,"115 g, $3.03/100g",cannedFood,Superstore
Chunky New England Clam Chowder,2.99,"515 ml, $0.68/100ml",cannedFood,Superstore
Stuffed Vine Leaves,3.49,"400 g, $0.87/100g",cannedFood,Superstore
Scooby-Doo Shaped Pasta,1.99,"398 ml, $0.50/100ml",cannedFood,Superstore
Flaked Light Tuna In Olive Oil,7.49,"240 g, $3.12/100g",cannedFood,Superstore
Marinated Artichokes,7.99,"1 l, $0.80/100ml",cannedFood,Superstore
Mushroom Broth,2.19,"900 ml, $0.25/100ml",cannedFood,Superstore
No Sugar Added Fruit Cocktail,4.49,"796 ml, $0.63/100ml",cannedFood,Superstore
No Sugar Added Peach Slices,4.49,"796 ml, $0.63/100ml",cannedFood,Superstore
Alphonso Mango Pulp,3.99,"850 g, $0.53/100g",cannedFood,Superstore
Peach Slices in Light Syrup,4.49,"796 ml, $0.63/100g",cannedFood,Superstore
Peach Halves In Light Syrup,4.49,"796 ml, $0.63/100ml",cannedFood,Superstore
Pink Salmon Skinless Boneless,3.99,"120 g, $3.74/100g",cannedFood,Superstore
Vine Leaves with Rice,3.99,"280 g, $1.43/100g",cannedFood,Superstore
30% Less Sodium Beef Broth with Red Wine,2.19,"900 ml, $0.25/100ml",cannedFood,Superstore
"No Sugar Added, Pear, Halves",4.49,"796 ml, $0.63/100ml",cannedFood,Superstore
Mini Crunch'ems Garlic Rush Pickles,4.79,"500 ml, $0.96/100ml",cannedFood,Superstore
Sweet and tangy Baked Beans,2.19,"398 ml, $0.63/100ml",cannedFood,Superstore
Sandwich Savers Tangy Dill Pickles,4.79,"500 ml, $0.96/100ml",cannedFood,Superstore
Extra Large Whole Ripe Olives,1.99,"398 ml, $0.50/100ml",cannedFood,Superstore
Garlic Hamburger Slices Pickles,5.29,"1 l, $0.53/100ml",cannedFood,Superstore
Yum Yum Sweet Pickles,5.29,"1 l, $0.53/100ml",cannedFood,Superstore
Baby Dills Baby Dill Pickles Spicy Dill,5.49,"750 ml, $0.73/100ml",cannedFood,Superstore
"Green Jalapeño Peppers, Nacho",2.49,"375 ml, $0.66/100ml",cannedFood,Superstore
Sandwich Savers Extra Garlic Pickles,4.79,"500 ml, $0.96/100ml",cannedFood,Superstore
Baby Dill Pickles ,3.29,"1 l, $0.33/100ml",cannedFood,Superstore
Ultimate Garlic Baby Dill Pickles,5.29,"1 l, $0.53/100ml",cannedFood,Superstore
Dill Pickles With Garlic,4.99,"2 l, $0.31/100ml",cannedFood,Superstore
Caponata Eggplant Antipasto,6.99,"265 g, $2.64/100g",cannedFood,Superstore
Sockeye Salmon     ,5.99,"213 g, $2.81/100g",cannedFood,Superstore
Golden Peperoncini,5.99,"375 ml, $1.60/100ml",cannedFood,Superstore
Baby Dill Pickles With Garlic,4.99,"1 l, $0.50/100ml",cannedFood,Superstore
Colossal Stuffed Queen Olives,4.49,"500 ml, $0.90/100ml",cannedFood,Superstore
Sweet Pickled Onions,3.29,"375 ml, $0.88/100ml",cannedFood,Superstore
Olives Stuffed With Garlic,5.99,"375 ml, $1.60/100ml",cannedFood,Superstore
Baby Dill Pickles with Garlic,2.99,"500 ml, $0.60/100ml",cannedFood,Superstore
Mini Crunch'ems Dill Pickles,4.79,"500 ml, $0.96/100ml",cannedFood,Superstore
Whole Kalamata Olives,5.99,"375 ml, $1.60/100ml",cannedFood,Superstore
"Dill Pickles, Zesty",5.99,"1 l, $0.60/100ml",cannedFood,Superstore
"Everyday Gourmet, Tomato Basil Bisque",3.69,"500 ml, $0.74/100ml",cannedFood,Superstore
Tom Yum Broth,2.49,"900 ml, $0.28/100ml",cannedFood,Superstore
Pho Broth,2.49,"900 ml, $0.28/100ml",cannedFood,Superstore
"Mini, Beef Ravioli",1.99,"425 g, $0.47/100g",cannedFood,Superstore
"Kosher Baby Dills, No Garlic",5.99,"1 l, $0.60/100ml",cannedFood,Superstore
Spaghetti & Meatballs,1.99,"418 g, $0.48/100g",cannedFood,Superstore
Spicy Chili,4.49,"425 g, $1.06/100g",cannedFood,Superstore
Creamy Tomato Ready to Serve Soup,2.99,"515 ml, $0.64/100ml",cannedFood,Superstore
Rich & Chunky Beef Soup,2.99,"540 ml, $0.55/100ml",cannedFood,Superstore
Insalatissime Cous Cous with Tuna,4.79,"160 g, $2.99/100g",cannedFood,Superstore
Flakes of Ham by Maple Leaf,3.49,"156 g, $2.24/100g",cannedFood,Superstore
Hearty Vegetable Beef Ready to Serve Soup,2.99,"515 ml, $0.64/100ml",cannedFood,Superstore
Whole Sweet Red Peppers,3.49,"300 ml, $1.22/100ml",cannedFood,Superstore
Kosher Whole Pickles,6.99,"1 l, $0.70/100ml",cannedFood,Superstore
Canned Luncheon Meat    ,3.49,"340 g, $1.03/100g",cannedFood,Superstore
Ready To Serve Soup Creamy Field Mushroom,3.79,"540 ml, $7.02/100ml",cannedFood,Superstore
Can Corned Beef,8.49,"340 g, $2.50/100g",cannedFood,Superstore
Silverado Beef Chili With Beans,3.99,"425 g, $0.94/100g",cannedFood,Superstore
"Sardines in Tomato Sauce, Hot",1.19,"155 g, $0.77/100g",cannedFood,Superstore
100% Pure Canola Oil,8.29,"3 l, $0.28/100ml",oils_vinegar,Superstore
Pure White Vinegar Club Size,2.27,"4 l, $0.06/100ml",oils_vinegar,Superstore
100% Extra Virgin Olive Oil,11.99,"750 ml, $1.60/100ml",oils_vinegar,Superstore
Pure White Vinegar,1.49,"1 l, $0.15/100ml",oils_vinegar,Superstore
Cooking Spray,5.99,"170 g, $3.52/100g",oils_vinegar,Superstore
Pure Sesame Oil,3.59,"185 ml, $1.94/100ml",oils_vinegar,Superstore
Cold-Extracted Extra Virgin Olive Oil,19.99,"1 l, $2.00/100ml",oils_vinegar,Superstore
Apple Cider Vinegar,1.49,"500 ml, $0.30/100ml",oils_vinegar,Superstore
1 Leaf Balsamic Vinegar of Modena,4.29,"500 ml, $0.86/100ml",oils_vinegar,Superstore
100% Pure Canola Oil,3.00,"473 ml, $0.63/100ml",oils_vinegar,Superstore
Seasoned Rice Vinegar,4.99,"500 ml, $1.00/100ml",oils_vinegar,Superstore
Cold-Pressed Extra Virgin Olive Oil Spray,4.29,"155 ml, $2.77/100ml",oils_vinegar,Superstore
Pure Sesame Oil,7.99,"443 ml, $1.80/100ml",oils_vinegar,Superstore
Red Wine Vinegar,1.69,"500 ml, $0.34/100ml",oils_vinegar,Superstore
Rich Taste-Extra Virgin Olive Oil,18.99,"1 l, $2.30/100ml",oils_vinegar,Superstore
Apple Cider Vinegar,2.49,"1 l, $0.25/100ml",oils_vinegar,Superstore
Red Wine Vinegar,4.99,"500 ml, $1.00/100ml",oils_vinegar,Superstore
The Natural Vinegar,3.49,"4 l, $0.09/100ml",oils_vinegar,Superstore
Organic Extra Virgin Olive Oil,10.99,"500 ml, $2.20/100ml",oils_vinegar,Superstore
Pure Olive Oil,11.99,"750 ml, $1.60/100ml",oils_vinegar,Superstore
Cooking Spray with Olive Oil,5.99,"141 g, $4.25/100g",oils_vinegar,Superstore
Extra Light Taste Olive Oil,18.99,"1 l, $2.30/100ml",oils_vinegar,Superstore
White Wine Vinegar,4.99,"500 ml, $1.00/100ml",oils_vinegar,Superstore
Organic Apple Cider Vinegar,8.49,"946 ml, $0.90/100ml",oils_vinegar,Superstore
Pure Sesame Oil,5.99,"370 ml, $1.75/100ml",oils_vinegar,Superstore
Canola Oil Cooking Spray,2.79,"170 g, $1.64/100g",oils_vinegar,Superstore
"Canola Oil Cooking Spray, Club Size",5.00,"400 g, $1.25/100g",oils_vinegar,Superstore
Rice Vinegar Mild and Mellow,2.88,"355 ml, $1.12/100g",oils_vinegar,Superstore
Premium Extra Virgin Olive Oil,25.99,"1 l, $2.60/100ml",oils_vinegar,Superstore
Extra Virgin Avocado Oil ,11.99,"500 ml, $2.40/100ml",oils_vinegar,Superstore
Avocado Oil,16.99,"750 ml, $2.27/100ml",oils_vinegar,Superstore
Cold-Extracted Extra Virgin Olive Oil,12.99,"500 ml, $2.60/100ml",oils_vinegar,Superstore
Canola Oil,36.99,"16 l, $0.23/100ml",oils_vinegar,Superstore
Grilling Cooking Spray,5.99,"141 g, $4.25/100g",oils_vinegar,Superstore
Light Tasting Pure Olive Oil,11.99,"750 ml, $1.60/100ml",oils_vinegar,Superstore
Pure Sesame Oil    ,2.99,"185 ml, $1.89/100ml",oils_vinegar,Superstore
Extra Virgin Avocado Oil Spray,4.99,"120 ml, $4.16/100ml",oils_vinegar,Superstore
100% Virgin Cold-Pressed Coconut Oil,11.99,"860 ml, $1.39/100ml",oils_vinegar,Superstore
Organic Vinegar Apple Cider,5.00,"500 ml, $1.00/100ml",oils_vinegar,Superstore
Avocado Oil Spray,6.99,"140 ml, $5.35/100ml",oils_vinegar,Superstore
100% Pure Peanut Oil,7.29,"946 ml, $0.77/100ml",oils_vinegar,Superstore
100% Pure Sunflower Oil,6.99,"946 ml, $0.74/100ml",oils_vinegar,Superstore
Malt Vinegar,1.49,"500 ml, $0.30/100ml",oils_vinegar,Superstore
Lite Rice Vinegar,3.99,"355 ml, $1.12/100ml",oils_vinegar,Superstore
No-Stick Cooking Spray Cold Pressed Extra Virgin Olive Oil,7.99,"141 g, $5.67/100g",oils_vinegar,Superstore
Balsamic Vinegar of Modena,5.79,"500 ml, $1.16/100ml",oils_vinegar,Superstore
White Vinegar,2.69,"1 l, $0.27/100ml",oils_vinegar,Superstore
Canola Oil,9.99,"2.84 l, $0.40/100ml",oils_vinegar,Superstore
Extra Virgin Olive Oil Delicate,17.99,"750 ml, $2.40/100ml",oils_vinegar,Superstore
"Coconut Oil, Spray",9.99,"170 g, $5.88/100g",oils_vinegar,Superstore
Delyssa Extra Virgin Olive Oil  ,43.99,"2 l, $2.20/100ml",oils_vinegar,Superstore
Roasted Garlic Olive Oil,9.49,"250 ml, $3.80/100ml",oils_vinegar,Superstore
Desi Ghee Small,8.99,"400 g, $2.25/100g",oils_vinegar,Superstore
Vinegar Salta,3.99,"750 ml, $0.60/100ml",oils_vinegar,Superstore
Liquid Modified Coconut Oil Spray,4.29,"120 ml, $3.58/100ml",oils_vinegar,Superstore
Kalamata Extra Virgin Olive Oil,31.99,"3 l, $1.07/100ml",oils_vinegar,Superstore
Canola Oil,9.99,"2.84 l, $0.40/100ml",oils_vinegar,Superstore
Organic Aged Red Wine Vinegar,6.00,"500 ml, $1.20/100ml",oils_vinegar,Superstore
Extra Light Taste Olive Oil,14.29,"500 ml, $2.86/100ml",oils_vinegar,Superstore
Canola & Olive Oil Blend,14.49,"1.89 l, $0.77/100ml",oils_vinegar,Superstore
Sunflower Oil,6.49,"1 l, $0.65/100ml",oils_vinegar,Superstore
Extra Virgin Olive Oil From Greece Organic,22.99,"750 ml, $3.07/100ml",oils_vinegar,Superstore
Grapeseed Oil,17.99,"1.5 l, $1.20/100ml",oils_vinegar,Superstore
Organic Canola Oil,8.49,"500 ml, $1.70/100ml",oils_vinegar,Superstore
Cooking Wine Shaoxing,2.49,"600 g, $0.47/100g",oils_vinegar,Superstore
Organic Buttery Refined Coconut Oil,13.99,"858 ml, $1.63/100ml",oils_vinegar,Superstore
Sherry Cooking Wine,5.99,"500 ml, $1.20/100ml",oils_vinegar,Superstore
100% Pure Corn Oil,12.99,"3 l, $0.43/100ml",oils_vinegar,Superstore
Almond Oil,4.99,"237 ml, $2.11/100ml",oils_vinegar,Superstore
Coconut Oil,9.99,"1000 ml, $1.20/100ml",oils_vinegar,Superstore
Apple Cider Vinegar,3.99,"750 ml, $0.60/100ml",oils_vinegar,Superstore
Balsamic Vinegar Of Modena,6.99,"250 ml, $2.80/100ml",oils_vinegar,Superstore
Cooking Spray,4.99,"110 g, $4.54/100g",oils_vinegar,Superstore
Indian Mustard Oil    ,5.99,"500 ml, $1.20/100ml",oils_vinegar,Superstore
Stir-Fry Oil,2.99,"185 ml, $1.62/100ml",oils_vinegar,Superstore
"Oils, Lion & Globe Peanut Oil, Extra Virgin",9.99,"900 ml, $1.11/100ml",oils_vinegar,Superstore
Harvest Peak 100% Pure Avocado Oil,14.99,"750 ml, $2.00/100ml",oils_vinegar,Superstore
Canola Oil,14.99,"3 l, $0.50/100ml",oils_vinegar,Superstore
Organic Refined Coconut Oil,15.99,"860 ml, $1.86/100ml",oils_vinegar,Superstore
White Balsamic Vinegar,4.99,"500 ml, $1.00/100ml",oils_vinegar,Superstore
Virgin Coconut Oil,24.99,"1.6 l, $1.56/100ml",oils_vinegar,Superstore
Desi Ghee,14.99,"800 g, $1.87/100g",oils_vinegar,Superstore
Extra Virgin Olive Oil,24.79,"1 l, $2.48/100ml",oils_vinegar,Superstore
Spicy Stir-Fry Oil,2.99,"185 ml, $1.62/100ml",oils_vinegar,Superstore
Desi Ghee Cooking Oil   ,14.99,"800 g, $1.87/100g",oils_vinegar,Superstore
Vegetable Oil Soybean Oil,8.99,"1.18 l, $0.76/100ml",oils_vinegar,Superstore
Desi Ghee,26.49,"1.59 kg, $1.67/100g",oils_vinegar,Superstore
100% Pure Corn Oil,5.99,"946 ml, $0.63/100ml",oils_vinegar,Superstore
100% Virgin Cold-Pressed Coconut Oil,19.99,"1.6 l, $1.25/100ml",oils_vinegar,Superstore
Pure Black Sesame Oil,5.99,"207 ml, $2.89/100ml",oils_vinegar,Superstore
Rich Taste-Organic Extra Virgin Olive Oil,22.99,"750 ml, $3.07/100ml",oils_vinegar,Superstore
Balanced Extra Virgin Olive Oil,18.99,"750 ml, $2.93/100ml",oils_vinegar,Superstore
Extra Virgin Olive Oil,21.99,"750 ml, $2.93/100ml",oils_vinegar,Superstore
Organic Sunflower Oil,8.49,"500 ml, $1.70/100ml",oils_vinegar,Superstore
Organic Vinegar Apple Cider,8.49,"1 l, $0.85/100ml",oils_vinegar,Superstore
Virgin Coconut Oil,8.99,"500 ml, $1.80/100ml",oils_vinegar,Superstore
Virgin Coconut Oil,8.99,"500 ml, $1.80/100ml",oils_vinegar,Superstore
Extra Virgin Olive Oil,19.99,"1 l, $2.00/100ml",oils_vinegar,Superstore
"Organic Coconut Oil, Large",26.99,"2.3 l, $1.17/100ml",oils_vinegar,Superstore
Organic Balsamic Vinegar Of Modena,6.99,"500 ml, $1.40/100ml",oils_vinegar,Superstore
Oil Spray Avocado,7.99,"140 ml, $5.71/100ml",oils_vinegar,Superstore
Extra Virgin Olive Oil Organic Unfiltered,14.99,"500 ml, $3.00/100ml",oils_vinegar,Superstore
100% Pure Avocado Oil,8.99,"250 ml, $3.60/100ml",oils_vinegar,Superstore
100% Extra Virgin Olive Oil,59.99,"3 l, $2.00/100ml",oils_vinegar,Superstore
Red Wine Vinegar,5.49,"500 ml, $1.10/100ml",oils_vinegar,Superstore
Sushi Seasoning,4.49,"355 ml, $1.26/100ml",oils_vinegar,Superstore
Liquid Coconut Oil,11.99,"250 ml, $5.20/100ml",oils_vinegar,Superstore
White Cooking Wine,5.99,"500 ml, $1.20/100ml",oils_vinegar,Superstore
Balsamic Glaze Strawberry Fig,9.99,"250 ml, $4.00/100ml",oils_vinegar,Superstore
3 Leaf Balsamic Vinegar of Modena,5.49,"500 ml, $1.10/100ml",oils_vinegar,Superstore
Balsamic Vinegar of Modena,4.49,"500 ml, $0.90/100ml",oils_vinegar,Superstore
Organic Extra Virgin Olive Oil Spray,7.99,"140 g, $5.71/100g",oils_vinegar,Superstore
No-Stick Cooking Spray Expeller Pressed Avocado Oil,7.99,"141 g, $5.67/100g",oils_vinegar,Superstore
Lion & Globe Peanut Oil,9.99,"1 l, $9.99/1ea",oils_vinegar,Superstore
100% Italian Extra Virgin Olive Oil,14.99,"500 ml, $3.00/100ml",oils_vinegar,Superstore
Balsamic Vinegar Of Modena,6.99,"500 ml, $1.40/100ml",oils_vinegar,Superstore
Vegetable Ghee Large,12.99,"2 kg, $0.65/100g",oils_vinegar,Superstore
Baking Spray,5.99,"141 g, $4.25/100g",oils_vinegar,Superstore
"Vinegar, Raspberry Flavoured Condiment with Balsamic  of Modena",4.29,"250 ml, $1.72/100ml",oils_vinegar,Superstore
Extra Virgin Olive Oil,49.99,"3 l, $1.75/100ml",oils_vinegar,Superstore
Desi Ghee,28.99,"1.6 kg, $1.81/100g",oils_vinegar,Superstore
Organic Refined Coconut Oil,22.99,"1.6 l, $1.44/100ml",oils_vinegar,Superstore
Apple Cider Vinegar 1 L,7.49,"1 l, $0.75/100ml",oils_vinegar,Superstore
Organic Virgin Coconut Oil,21.99,"860 ml, $2.56/100ml",oils_vinegar,Superstore
"Oils, Bold Taste Extra Virgin Olive Oil 1L",22.99,"1 l, $2.30/100ml",oils_vinegar,Superstore
Organic Apple Cider Vinegar,6.29,"473 ml, $1.33/100ml",oils_vinegar,Superstore
"Culinary Almond Oil Refined, For High Heat",7.49,"236 ml, $3.17/100ml",oils_vinegar,Superstore
Apple Cider Vinegar,4.00,"500 ml, $0.80/100ml",oils_vinegar,Superstore
Canola Oil,8.99,"1.18 l, $0.76/100ml",oils_vinegar,Superstore
Organic Cold Pressed Hemp Seed Oil,16.49,"473 ml, $3.49/100ml",oils_vinegar,Superstore
Mild Taste-Extra Virgin Olive Oil,18.99,"1 l, $2.30/100ml",oils_vinegar,Superstore
Extra Virgin Olive Oil,60.99,"3 l, $2.03/100ml",oils_vinegar,Superstore
100% Extra Virgin Olive Oil,43.99,"2 l, $2.20/100ml",oils_vinegar,Superstore
Mild Taste-Organic Extra Virgin Olive Oil,22.99,"750 ml, $3.07/100ml",oils_vinegar,Superstore
New World Evoo Extra Virgin Olive Oil,14.99,"1 l, $1.50/100ml",oils_vinegar,Superstore
4 Leaf Balsamic Vinegar Of Modena,11.99,"250 ml, $4.80/100ml",oils_vinegar,Superstore
Extra Virgin Olive Oil,12.99,"750 ml, $1.73/100ml",oils_vinegar,Superstore
Pure Sesame Oil,6.99,"327 ml, $2.14/100ml",oils_vinegar,Superstore
Extra Virgin Olive Oil,34.99,"1 l, $3.50/100ml",oils_vinegar,Superstore
Culinary Walnut Oil,9.99,"473 ml, $2.11/100ml",oils_vinegar,Superstore
Organic Aged White Wine Vinegar,6.00,"500 ml, $1.20/100ml",oils_vinegar,Superstore
"Vinegar, Raspberry Flavoured Red Wine  ",4.99,"500 ml, $1.00/100ml",oils_vinegar,Superstore
Organic Liquid Coconut Oil Classic,21.49,"473 ml, $4.54/100ml",oils_vinegar,Superstore
Splendido White Condiment with Wine Vinegar,4.99,"500 ml, $1.00/100ml",oils_vinegar,Superstore
Organic Apple Cider Vinegar,5.99,"500 ml, $1.20/100ml",oils_vinegar,Superstore
"Rice Vinegar, Natural",4.99,"355 ml, $1.41/100ml",oils_vinegar,Superstore
Balsamic Glaze Classic,9.99,"250 ml, $4.00/100ml",oils_vinegar,Superstore
Chosen Blend All-Purpose Cooking Oil Organic,15.99,"750 ml, $2.13/100ml",oils_vinegar,Superstore
Vegetable Oil,14.99,"4 l, $0.37/100ml",oils_vinegar,Superstore
Rich Taste-Extra Virgin Olive Oil,14.29,"500 ml, $2.86/100ml",oils_vinegar,Superstore
Vegetable Oil,9.99,"2.84 l, $0.40/100ml",oils_vinegar,Superstore
Balsamic Glaze Cabernet Merlot,9.99,"250 ml, $4.00/100ml",oils_vinegar,Superstore
Desi Ghee Medium,16.49,"800 g, $2.06/100g",oils_vinegar,Superstore
Coconut Oil,3.29,"250 ml, $1.32/100ml",oils_vinegar,Superstore
Extra Virgin Olive Oil,21.99,"750 ml, $2.93/100ml",oils_vinegar,Superstore
Pure Olive Oil,60.99,"3 l, $2.03/100ml",oils_vinegar,Superstore
Corn Oil,9.99,"2.84 l, $0.40/100ml",oils_vinegar,Superstore
Chinkiang Vinegar,1.99,"554 ml, $0.36/100ml",oils_vinegar,Superstore
Rich Taste-Extra Virgin Olive Oil,36.99,"2 l, $1.85/100ml",oils_vinegar,Superstore
Balsamic Vinegar,4.49,"500 ml, $0.90/100ml",oils_vinegar,Superstore
"Vinegar, Fig Flavoured Condiment with Balsamic  of Modena",4.29,"250 ml, $1.72/100ml",oils_vinegar,Superstore
"Delicato, Cold Extracted Extra Virgin Olive Oil  ",22.99,"1 l, $2.30/100ml",oils_vinegar,Superstore
Extra Virgin Olive Oil Delicate,18.99,"750 ml, $2.93/100ml",oils_vinegar,Superstore
"Culinary Sesame Oil Unrefined, For Medium Heat",9.99,"473 ml, $2.11/100ml",oils_vinegar,Superstore
Organic Virgin Coconut Oil,12.79,"444 ml, $2.88/100ml",oils_vinegar,Superstore
Apple Cider Vinegar    ,25.99,"3.79 l, $0.69/100ml",oils_vinegar,Superstore
Coconut Oil,3.99,"450 g, $0.80/100ml",oils_vinegar,Superstore
Coconut Oil,4.89,"500 ml, $0.98/100ml",oils_vinegar,Superstore
Organics Coconut Oil,17.99,"860 ml, $2.09/100ml",oils_vinegar,Superstore
Corn Oil,8.79,"1.18 l, $0.74/100ml",oils_vinegar,Superstore
Vegetable Ghee     ,8.99,"1 kg, $0.90/100g",oils_vinegar,Superstore
100% Pure Sunflower Oil,13.99,"3 l, $0.47/100ml",oils_vinegar,Superstore
Canola Oil,8.79,"1.18 l, $0.74/100ml",oils_vinegar,Superstore
Modified Liquid Coconut Oil,7.99,"250 ml, $3.20/100ml",oils_vinegar,Superstore
2 Leaf Balsamic Vinegar of Modena,4.79,"500 ml, $0.96/100ml",oils_vinegar,Superstore
Culinary Extra Virgin Olive Oil Organic,10.99,"473 ml, $2.32/100ml",oils_vinegar,Superstore
Lion Globe Peanut Canola Oil,17.99,"2 l, $9.00/1ea",oils_vinegar,Superstore
Canola Oil,8.99,"1.42 l, $0.63/100ml",oils_vinegar,Superstore
Cold-Pressed Extra Virgin Olive Oil,52.99,"3 l, $1.77/100ml",oils_vinegar,Superstore
Organic Safflower Oil,8.49,"500 ml, $1.70/100ml",oils_vinegar,Superstore
Pickling Vinegar     ,4.00,"4 l, $0.10/100ml",oils_vinegar,Superstore
Balsamic Vinegar,4.99,"500 ml, $1.00/100ml",oils_vinegar,Superstore
Extra Virgin Olive Oil Club Size,45.99,"3 l, $1.53/100ml",oils_vinegar,Superstore
Organic Extra Virgin Olive Oil,20.99,"750 ml, $2.80/100ml",oils_vinegar,Superstore
Red Wine Vinegar,2.69,"500 ml, $0.54/100ml",oils_vinegar,Superstore
White Wine Vinegar,5.49,"500 ml, $1.10/100ml",oils_vinegar,Superstore
Pure Sesame Oil,4.49,"163 ml, $2.75/100ml",oils_vinegar,Superstore
Canola Oil Spray,4.29,"170 ml, $2.52/100ml",oils_vinegar,Superstore
Oil,8.99,"1 l, $0.90/100ml",oils_vinegar,Superstore
Cooking Olive Oil,18.99,"1 l, $2.30/100ml",oils_vinegar,Superstore
Pure Olive Oil,23.99,"1 l, $2.40/100ml",oils_vinegar,Superstore
Aged Balsamic Vinegar of Modena,23.29,"250 ml, $9.32/100ml",oils_vinegar,Superstore
Oil,8.99,"1 l, $0.90/100ml",oils_vinegar,Superstore
"Organic Coconut Oil, Refined",12.49,"414 ml, $3.02/100ml",oils_vinegar,Superstore
Indian Mustard Oil ,10.99,"1 l, $1.10/100ml",oils_vinegar,Superstore
Tomato Paste,1.00,"156 ml, $0.64/100ml",pasta_sauce,Superstore
Garden Select Tomato & Basil Pasta Sauce,1.97,"640 ml, $0.47/100ml",pasta_sauce,Superstore
Tomato Paste,1.19,"156 ml, $0.83/100ml",pasta_sauce,Superstore
Spaghetti Pasta,2.29,"900 g, $0.25/100g",pasta_sauce,Superstore
Garden Select Parmesan & Romano Pasta Sauce,1.97,"640 ml, $0.47/100ml",pasta_sauce,Superstore
Elbow Macaroni Pasta,2.29,"900 g, $0.25/100g",pasta_sauce,Superstore
Garden Select Garlic & Onion Pasta Sauce,1.97,"640 ml, $0.47/100ml",pasta_sauce,Superstore
"Pizza Squeeze, Original",2.49,"375 ml, $0.66/100ml",pasta_sauce,Superstore
Garden Select Country Mushroom Pasta Sauce,1.97,"640 ml, $0.47/100ml",pasta_sauce,Superstore
Rotini Pasta,2.29,"900 g, $0.25/100g",pasta_sauce,Superstore
Pizza Sauce,1.00,"213 ml, $0.47/100ml",pasta_sauce,Superstore
Spaghettini Pasta,2.29,"900 g, $0.25/100g",pasta_sauce,Superstore
Marinara Pasta Sauce,3.79,"650 ml, $0.58/100ml",pasta_sauce,Superstore
Penne Rigate Pasta,2.29,"900 g, $0.25/100g",pasta_sauce,Superstore
Tomato & Basil Spaghetti Pasta Sauce,3.99,"650 ml, $0.61/100ml",pasta_sauce,Superstore
"Macaroni & Cheese, Shells & White Cheddar",2.49,"170 g, $1.64/100g",pasta_sauce,Superstore
Sweet Basil Marinara Spaghetti Pasta Sauce,3.99,"650 ml, $0.61/100ml",pasta_sauce,Superstore
"Pasta, Shells With Cheddar",2.49,"170 g, $1.64/100g",pasta_sauce,Superstore
Fusilli Pasta,2.29,"900 g, $0.25/100g",pasta_sauce,Superstore
Farfalle Pasta,2.49,"410 g, $0.61/100g",pasta_sauce,Superstore
Tomato Sauce    ,1.79,"680 ml, $0.26/100ml",pasta_sauce,Superstore
Alfredo Spaghetti Pasta Sauce,3.99,"410 ml, $0.97/100ml",pasta_sauce,Superstore
"Pasta Sauce, Thick & Zesty Garlic & Herb",2.49,"680 ml, $0.37/100ml",pasta_sauce,Superstore
Pasta Spaghetti,2.49,"410 g, $0.61/100g",pasta_sauce,Superstore
Four Cheese Spaghetti Pasta Sauce,3.99,"650 ml, $0.61/100ml",pasta_sauce,Superstore
"Pizza Sauce, Regular",1.19,"213 ml, $0.56/100ml",pasta_sauce,Superstore
Rotini Pasta,2.49,"410 g, $0.61/100g",pasta_sauce,Superstore
Sweet Basil Pasta Sauce,3.79,"650 ml, $0.58/100ml",pasta_sauce,Superstore
Instant Noodles,1.50,"400 g, $0.38/100g",pasta_sauce,Superstore
Cavatappi Pasta,2.29,"900 g, $0.25/100g",pasta_sauce,Superstore
Alfredo & Roasted Garlic Spaghetti Pasta Sauce,3.99,"410 ml, $0.97/100ml",pasta_sauce,Superstore
"Macaroni & Cheese, Classic Mild Cheddar",2.49,"170 g, $1.64/100g",pasta_sauce,Superstore
Basil Pesto,4.00,"270 ml, $1.48/100ml",pasta_sauce,Superstore
Vermicelli Longkou Pancit Sotanghon,1.99,"8x50.0 g, $0.57/100g",pasta_sauce,Superstore
Roasted Garlic Pasta Sauce,3.79,"650 ml, $0.58/100ml",pasta_sauce,Superstore
Pure Tomato Paste,1.79,"369 ml, $0.49/100ml",pasta_sauce,Superstore
"Pasta Sauce, Thick & Zesty Original",2.49,"680 ml, $0.37/100ml",pasta_sauce,Superstore
Pesto Di Genova Basil,3.99,"218 ml, $1.83/100ml",pasta_sauce,Superstore
Fire Roasted Tomato & Garlic Spaghetti Pasta Sauce,3.99,"650 ml, $0.61/100ml",pasta_sauce,Superstore
"Gluten Free, Fusilli Pasta",2.99,"340 g, $0.97/100g",pasta_sauce,Superstore
Spaghettini Pasta,2.49,"410 g, $0.61/100g",pasta_sauce,Superstore
Oven-ready Lasagna Pasta,2.49,"375 g, $0.66/100g",pasta_sauce,Superstore
Fettuccine Pasta,2.29,"900 g, $0.25/100g",pasta_sauce,Superstore
"Gluten Free, Spaghetti Pasta",2.99,"340 g, $0.97/100g",pasta_sauce,Superstore
Extra Broad Cholesterol-Free Egg White Noodles,3.29,"340 g, $0.97/100g",pasta_sauce,Superstore
Cut Macoroni Pasta,2.49,"410 g, $0.61/100g",pasta_sauce,Superstore
Four Cheese Alfredo Spaghetti Pasta Sauce,3.99,"410 ml, $0.97/100ml",pasta_sauce,Superstore
Roasted Garlic Alfredo Pasta Sauce,4.99,"410 ml, $1.22/100ml",pasta_sauce,Superstore
Tomato Sauce,1.50,"398 ml, $0.38/100ml",pasta_sauce,Superstore
Penne Lisce,2.99,"900 g, $0.33/100g",pasta_sauce,Superstore
7-Vegetable Primavera Pasta Sauce,3.79,"650 ml, $0.58/100ml",pasta_sauce,Superstore
Fine Dry Noodles,5.79,"1.81 kg, $0.36/100g",pasta_sauce,Superstore
Bone Broth Classic Beef,11.99,"454 ml, $2.64/100ml",pasta_sauce,Superstore
Linguine,4.99,"500 g, $1.00/100g",pasta_sauce,Superstore
Basil Pesto,5.59,"190 ml, $2.94/100ml",pasta_sauce,Superstore
Potato Gnocchi,3.99,"350 g, $1.14/100g",pasta_sauce,Superstore
Orecchiette,4.99,"500 g, $1.00/100g",pasta_sauce,Superstore
Vegetable Rice Fusilli,2.99,"454 g, $0.77/100g",pasta_sauce,Superstore
Rosée Pasta Sauce,4.79,"300 ml, $1.60/100ml",pasta_sauce,Superstore
Bone Broth Classic Chicken Organic,11.99,"454 ml, $2.64/100ml",pasta_sauce,Superstore
Oven Ready Lasagne,3.29,"375 g, $0.88/100g",pasta_sauce,Superstore
Organic Royal Tri-color Quinoa,8.49,"500 g, $1.70/100g",pasta_sauce,Superstore
Organic Vegetable Bouillon Cubes,4.29,"66 g, $6.50/100g",pasta_sauce,Superstore
100% Whole Grain Whole Wheat Penne Rigate,2.79,"375 g, $0.74/100g",pasta_sauce,Superstore
Roasted Red Pepper Pasta Sauce,3.79,"650 ml, $0.58/100ml",pasta_sauce,Superstore
Rice & Quinoa Macaroni Pasta,4.99,"227 g, $2.20/100g",pasta_sauce,Superstore
"Thick & Rich Pasta Sauce, Spicy Red Pepper & Chilies",1.99,"680 ml, $0.37/100ml",pasta_sauce,Superstore
Jinmailang Long Xu Noodle,2.79,"1 kg, $0.40/100g",pasta_sauce,Superstore
Beef Tortellini ,8.00,"1 kg, $0.80/100g",pasta_sauce,Superstore
"Pasta, Baby Shells",2.49,"450 g, $0.55/100g",pasta_sauce,Superstore
Quinoa,19.99,"1.8 kg, $1.11/100g",pasta_sauce,Superstore
Pasta Bucatini No. 15,3.29,"450 g, $0.72/100g",pasta_sauce,Superstore
California White Basmati Rice,8.79,"907 g, $1.10/100g",pasta_sauce,Superstore
Jumbo Shells,3.49,"250 g, $1.40/100g",pasta_sauce,Superstore
90-Second Regenerative Organic Certified® Brown Jasmine Rice,4.99,"226.8 g, $2.42/100ml",pasta_sauce,Superstore
California White Jasmine Rice,8.79,"907 g, $1.10/100g",pasta_sauce,Superstore
"Mac & Cheese Sauce, Three-Cheese",7.49,"580 ml, $1.29/100ml",pasta_sauce,Superstore
Wild Blend Gourmet Brown Rice,9.29,"454 g, $2.05/100g",pasta_sauce,Superstore
Tomatoes First Original Tomato Sauce,2.19,"680 ml, $0.32/100ml",pasta_sauce,Superstore
Fusilli,2.99,"450 g, $0.66/100g",pasta_sauce,Superstore
"Classic, Penne Rigate Pasta",2.29,"500 g, $0.54/100g",pasta_sauce,Superstore
Tricolour Rotini Pasta,2.49,"454 g, $0.55/100g",pasta_sauce,Superstore
Plant-Based Chili Organic Fire Roasted Vegetable,4.99,"468 g, $1.07/100g",pasta_sauce,Superstore
Spaghettini,2.99,"900 g, $0.33/100g",pasta_sauce,Superstore
Chicken Broth,2.00,"900 ml, $0.22/100ml",pasta_sauce,Superstore
Brown Rice Shells,2.99,"454 g, $0.77/100g",pasta_sauce,Superstore
Fire Roasted Tomato Pasta Sauce,3.79,"650 ml, $0.58/100ml",pasta_sauce,Superstore
"Skillet Gnocchi, Cheese Family Size",11.49,"520 g, $2.21/100g",pasta_sauce,Superstore
Organic California White Basmati Rice,13.49,"907 g, $1.65/100g",pasta_sauce,Superstore
"Pasta Sauce, Garlic Marinara",10.99,"670 ml, $1.64/100ml",pasta_sauce,Superstore
Premium Soy Dressing With Yuzu Citrus Yuzu Ponzu,6.99,"355 ml, $1.97/100ml",pasta_sauce,Superstore
"Organic Couscous, Roasted Garlic & Olive Oil",4.79,"198 g, $2.42/100g",pasta_sauce,Superstore
Organic Chicken Bouillon Cubes No Salt Added,4.29,"54 g, $7.94/100g",pasta_sauce,Superstore
"Organic Dry Noodle, Thin",9.99,"1588 g, $0.63/100g",pasta_sauce,Superstore
Protein Macaroni,4.49,"227 g, $1.98/100g",pasta_sauce,Superstore
Jinmailang Wide Noodle,2.79,"1 kg, $0.40/100g",pasta_sauce,Superstore
Marinara Pasta Sauce,6.49,"650 ml, $1.00/100ml",pasta_sauce,Superstore
Pasta Spaghettini Nests 450 g,5.29,"450 g, $1.18/100g",pasta_sauce,Superstore
90-Second Regenerative Organic Certified® Brown Jasmine Rice,4.99,"226.8 g, $2.42/100ml",pasta_sauce,Superstore
"Rainbow Tortellini, Cheese, Twin Pack ",5.99,"500 g, $1.20/100g",pasta_sauce,Superstore
"Pasta, Rigatoni",2.99,"900 g, $0.33/100g",pasta_sauce,Superstore
Tomato Sauce,2.49,"680 ml, $0.37/100ml",pasta_sauce,Superstore
"Pasta Sauce, Alfredo Herb ",8.49,"600 ml, $1.42/100ml",pasta_sauce,Superstore
Small Shells Pasta,2.29,"900 g, $0.25/100g",pasta_sauce,Superstore
Udon Noodles ,1.79,"363 g, $0.55/100g",pasta_sauce,Superstore
Cholesterol-Free Egg White Noodles Fine,3.29,"340 g, $0.97/100g",pasta_sauce,Superstore
Whole Grain Spaghetti Pasta,2.79,"375 g, $0.74/100g",pasta_sauce,Superstore
Linguine,3.99,"350 g, $1.14/100g",pasta_sauce,Superstore
"Beef Tortellini, Twin Pack ",5.99,"500 g, $1.20/100g",pasta_sauce,Superstore
Falafel Mix,4.79,"284 g, $1.69/100g",pasta_sauce,Superstore
Fusilli,2.99,"900 g, $0.33/100g",pasta_sauce,Superstore
Soba Organic,3.99,"269 g, $1.67/100g",pasta_sauce,Superstore
Organic Green Lentils,3.00,"450 g, $0.82/100g",pasta_sauce,Superstore
"Pasta, Orzo ",2.49,"450 g, $0.55/100g",pasta_sauce,Superstore
Premium Soy Dressing With Yuzu Citrus Yuzu Ponzu,6.99,"355 ml, $1.97/100ml",pasta_sauce,Superstore
"Organic Couscous, Roasted Garlic & Olive Oil",4.79,"198 g, $2.42/100g",pasta_sauce,Superstore
"Sweet Potato Vermicelli, Wide",1.69,"400 g, $0.45/100g",pasta_sauce,Superstore
Ravioli Mushroom Lovers,8.99,"500 g, $1.80/100g",pasta_sauce,Superstore
Plant-Based Chili Organic White Bean Verde,4.99,"468 g, $1.07/100g",pasta_sauce,Superstore
Capellini,2.99,"450 g, $0.66/100g",pasta_sauce,Superstore
Oat Spaghetti,4.49,"400 g, $1.12/100g",pasta_sauce,Superstore
Fish Sauce,1.79,"200 ml, $1.00/100ml",pasta_sauce,Superstore
Organic Seasoned Vegetable Base,12.99,"227 g, $5.72/100g",pasta_sauce,Superstore
Penne Rigate Pasta,2.49,"454 g, $0.55/100g",pasta_sauce,Superstore
Spaghettini,4.49,"2 kg, $0.22/100g",pasta_sauce,Superstore
Organic Spelt Wholewheat Flour Pasta Fusilli,3.29,"340 g, $0.97/100g",pasta_sauce,Superstore
Spaghettini,1.99,"450 g, $0.44/100g",pasta_sauce,Superstore
Cheddar Flavour Plant-Based Deluxe Mac & Cheeze,5.79,"300 g, $1.93/100g",pasta_sauce,Superstore
"Thick & Rich, Original Sauce",1.99,"680 ml, $0.37/100ml",pasta_sauce,Superstore
Fiorelli,4.99,"500 g, $1.00/100g",pasta_sauce,Superstore
Organic Navy Beans,3.69,"450 g, $0.82/100g",pasta_sauce,Superstore
"Pasta Sauce, Tomato Basil",10.99,"670 ml, $1.64/100ml",pasta_sauce,Superstore
Chicken Prosciutto Cannelloni ,8.99,"540 g, $1.66/100g",pasta_sauce,Superstore
Medium Dry Noodles,5.79,"1.81 kg, $0.36/100g",pasta_sauce,Superstore
Organic Rotini,4.00,"454 g, $0.88/100g",pasta_sauce,Superstore
Linguine Pasta,2.49,"410 g, $0.61/100g",pasta_sauce,Superstore
"Pasta Sauce, Original",2.49,"680 ml, $0.37/100ml",pasta_sauce,Superstore
"Gluten Free, Macaroni Pasta",2.99,"340 g, $0.97/100g",pasta_sauce,Superstore
Vermicelli Nest 400 g,2.99,"400 g, $0.75/100g",pasta_sauce,Superstore
"Whole Grains, Rotini Pasta",3.29,"375 g, $0.88/100g",pasta_sauce,Superstore
"Smart Veggie, Spaghetti Pasta",3.29,"340 g, $0.97/100g",pasta_sauce,Superstore
"Whole Grains, Penne Rigate Pasta",3.29,"375 g, $0.88/100g",pasta_sauce,Superstore
Tri-Colour Rotini Pasta,3.29,"375 g, $0.88/100g",pasta_sauce,Superstore
"Gluten Free, Macaroni Pasta",2.99,"340 g, $0.97/100g",pasta_sauce,Superstore
"Smart, Spaghetti Pasta",3.29,"375 g, $0.88/100g",pasta_sauce,Superstore
Di Lombardia Rosée Pasta Sauce,3.99,"410 ml, $0.97/100ml",pasta_sauce,Superstore
Tomato & Basil    ,4.99,"688 ml, $0.73/100ml",pasta_sauce,Superstore
"Tricolour, Fusilli Pasta",3.29,"375 g, $0.88/100g",pasta_sauce,Superstore
"Whole Grains, Macaroni Pasta",3.29,"375 g, $0.88/100g",pasta_sauce,Superstore
Organic Durum Wheat Semolina Pasta Penne Rigate,3.49,"500 g, $0.70/100g",pasta_sauce,Superstore
Garlic Paste Ground Garlic,4.49,"310 g, $1.45/100g",pasta_sauce,Superstore
Skillet Gnocchi ,9.49,"700 g, $1.36/100g",pasta_sauce,Superstore
Artichoke and Asiago PDO Cheese Tortellone,6.99,"600 g, $1.17/100g",pasta_sauce,Superstore
Roasted Portobello Mushrooms Spaghetti Pasta Sauce,3.99,"650 ml, $0.61/100ml",pasta_sauce,Superstore
"Whole Grains, Penne Rigate Pasta",3.29,"375 g, $0.88/100g",pasta_sauce,Superstore
Cherry Tomatoes Pasta Sauce,4.49,"398 ml, $1.13/100ml",pasta_sauce,Superstore
Linguine Pasta,2.49,"410 g, $0.61/100g",pasta_sauce,Superstore
"Pasta Sauce, Original",2.49,"680 ml, $0.37/100ml",pasta_sauce,Superstore
"Triangoli, Porcini Mushroom with Truffle",6.49,"250 g, $2.60/100g",pasta_sauce,Superstore
Chicken Sacchettini ,8.99,"600 g, $1.50/100g",pasta_sauce,Superstore
Artisian Butternut Squash and Creamy Mascarpone ,5.99,"250 g, $2.40/100g",pasta_sauce,Superstore
Pasta Rigatoni No. 24,3.29,"450 g, $0.72/100g",pasta_sauce,Superstore
Cheddar Bacon Family Size Skillet Gnocchi,10.49,"520 g, $2.02/100g",pasta_sauce,Superstore
Spicy Braised Pork Tortellini,6.99,"560 g, $1.25/100g",pasta_sauce,Superstore
"Rice Stick, Small",1.99,"454 g, $0.50/100g",pasta_sauce,Superstore
Instant Japanese Udon Noodles,3.79,"800 g, $0.50/100g",pasta_sauce,Superstore
Rosée Pasta Sauce,7.49,"580 ml, $1.29/100ml",pasta_sauce,Superstore
Cornstarch Sticks Golden Bihon,1.50,"454 g, $0.50/100g",pasta_sauce,Superstore
"Shrimp Egg Noodles, Thin ",3.49,"454 g, $0.77/100g",pasta_sauce,Superstore
Penne Rigate Pasta,2.49,"410 g, $0.61/100g",pasta_sauce,Superstore
"Pasta Sauce, Thick & Zesty Romano Cheese & Basil",2.49,"680 ml, $0.37/100ml",pasta_sauce,Superstore
Stix Skillet Gnocchi,5.49,"280 g, $1.96/100g",pasta_sauce,Superstore
Four Cheese Filled Gnocchi,3.99,"280 g, $1.43/100g",pasta_sauce,Superstore
Hot Pepper Paste,7.99,"720 ml, $1.11/100ml",pasta_sauce,Superstore
Elbow Pasta,6.99,"2.27 kg, $0.31/100g",pasta_sauce,Superstore
"Organic Soup, Black Bean Vegetable",5.29,"398 ml, $1.33/100ml",pasta_sauce,Superstore
Pizza Sauce,4.29,"398 ml, $1.08/100ml",pasta_sauce,Superstore
Brown Rice Elbows,2.99,"454 g, $0.77/100g",pasta_sauce,Superstore
Rice Vermicelli Noodles,1.99,"225 g, $0.88/100g",pasta_sauce,Superstore
"Shells, Large",2.99,"900 g, $0.33/100g",pasta_sauce,Superstore
Spaghetti,4.99,"500 g, $1.00/100g",pasta_sauce,Superstore
Organic Red Lentil Rice Penne,6.00,"227 g, $2.64/100g",pasta_sauce,Superstore
"Italian Tomato Sauce, Onion, Herbs, and Spices",2.49,"680 ml, $0.37/100ml",pasta_sauce,Superstore
Macaroni Products Scoobi Do,2.99,"900 g, $0.33/100g",pasta_sauce,Superstore
"Wild Rice & Quinoa, Whole Grain & Lentils",4.99,"400 g, $1.25/100g",pasta_sauce,Superstore
Chicken Bone Broth,4.49,"1 l, $0.45/100ml",pasta_sauce,Superstore
Spinach & Cheese Pasta Sauce,3.79,"650 ml, $0.58/100ml",pasta_sauce,Superstore
Whole Grain Rotini Pasta,2.79,"375 g, $0.74/100g",pasta_sauce,Superstore
Passata Di Pomodoro Strained Tomatoes,3.49,"680 ml, $0.51/100ml",pasta_sauce,Superstore
Dairy Free White Cheddar Mac & Cheese,4.99,"1 ea, $4.99/1ea",pasta_sauce,Superstore
Penne Lisce,2.99,"900 g, $0.33/100g",pasta_sauce,Superstore
Coconut Curry Sweet Potato Organic Soup,3.79,"398 ml, $0.95/100ml",pasta_sauce,Superstore
"Classic, Spaghetti Pasta",2.29,"500 g, $0.54/100g",pasta_sauce,Superstore
"Ravioli, Braised Beef au jus ",8.99,"500 g, $1.80/100g",pasta_sauce,Superstore
White Spaghetti Pasta With Fibre,2.79,"375 g, $0.74/100g",pasta_sauce,Superstore
Bow Tie Pasta,1.49,"500 g, $0.30/100g",pasta_sauce,Superstore
Oven Ready Cannelloni,3.49,"250 g, $1.40/100g",pasta_sauce,Superstore
"Classic, Macaroni Pasta",4.79,"900 g, $0.53/100g",pasta_sauce,Superstore
Pesto Mozzarella Skillet Gnocchi,5.49,"280 g, $1.96/100g",pasta_sauce,Superstore
"Wild Rice & Quinoa, Whole Grain & Lentils",4.99,"400 g, $1.25/100g",pasta_sauce,Superstore
Tomato Red Pepper Organic Soup,3.79,"398 ml, $0.95/100ml",pasta_sauce,Superstore
Passata,3.99,"660 ml, $0.60/100ml",pasta_sauce,Superstore
"Organic Soup, Creamy Butternut Squash",6.29,"1 l, $0.63/100ml",pasta_sauce,Superstore
"Italian Tomato Sauce, Onion, Herbs, and Spices",2.49,"680 ml, $0.37/100ml",pasta_sauce,Superstore
Passata Di Pomodoro Strained Tomatoes,3.49,"680 ml, $0.51/100ml",pasta_sauce,Superstore
Organics Quinoa,3.99,"225 g, $1.77/100g",pasta_sauce,Superstore
Gnocchi,2.79,"500 g, $0.56/100g",pasta_sauce,Superstore
Farfalle,2.99,"700 g, $0.43/100g",pasta_sauce,Superstore
Organic Royal Tri-color Quinoa,21.99,"1800 g, $1.22/100g",pasta_sauce,Superstore
Cheese & Spinach Ravioli,8.00,"1 kg, $0.80/100g",pasta_sauce,Superstore
Garlic Primavera Risotto,5.29,"156 g, $3.39/100g",pasta_sauce,Superstore
Organic Red Lentils,3.69,"450 g, $0.82/100g",pasta_sauce,Superstore
Shells & White Cheddar Macaroni & Cheese,23.99,"1.7 kg, $1.41/100g",pasta_sauce,Superstore
Macaroni & Cheese Spidey And His Amazing Friends,2.49,"170 g, $1.64/100g",pasta_sauce,Superstore
Pizzaiolo Kits,6.29,"700 g, $0.90/100g",pasta_sauce,Superstore
Pasta Fusilli No. 34,3.29,"450 g, $0.72/100g",pasta_sauce,Superstore
Korean-Style Sweet Potato Vermicelli,1.69,"400 g, $0.45/100g",pasta_sauce,Superstore
Organic Edamame,4.49,"200 g, $2.25/100g",pasta_sauce,Superstore
Misua Chinese Vermicelli,1.69,"227 g, $0.74/100g",pasta_sauce,Superstore
"Couscous, Original",4.79,"340 g, $1.41/100g",pasta_sauce,Superstore
Whole Grain Spaghettini Pasta,2.79,"375 g, $0.74/100g",pasta_sauce,Superstore
Bolognese Pasta Sauce,4.99,"425 ml, $1.17/100ml",pasta_sauce,Superstore
Quinoa Rice Fusilli,6.00,"227 g, $2.64/100g",pasta_sauce,Superstore
Rice & Quinoa Spaghetti Pasta,4.99,"227 g, $2.20/100g",pasta_sauce,Superstore
Marinara Pasta Sauce,7.49,"580 ml, $1.29/100ml",pasta_sauce,Superstore
Brown Rice Spaghetti,2.99,"454 g, $0.66/100g",pasta_sauce,Superstore
Extra Broad Egg Noodles,2.79,"340 g, $0.82/100g",pasta_sauce,Superstore
Ajvar Sauce,3.99,"500 ml, $0.80/100ml",pasta_sauce,Superstore
Pasta Penne Rigate No. 41,3.29,"450 g, $0.72/100g",pasta_sauce,Superstore
"Classic, Lasagne Pasta",3.99,"500 g, $0.80/100g",pasta_sauce,Superstore
"Egg Noodles, Shrimp",8.99,"880 g, $1.02/100g",pasta_sauce,Superstore
Rice,2.49,"454 g, $0.55/100g",pasta_sauce,Superstore
"Couscous, Lemon Spinach",4.79,"198 g, $2.42/100g",pasta_sauce,Superstore
"Homegrown Macaroni & Cheese, White Cheddar, Microwavable",2.99,"57 g, $5.25/100g",pasta_sauce,Superstore
Condensed Soup Free Range Cream Of Chicken,4.29,"284 ml, $1.51/100ml",pasta_sauce,Superstore
Alfredo Pasta Sauce,4.79,"300 ml, $1.60/100ml",pasta_sauce,Superstore
Organic California White Jasmine Rice,13.49,"907 g, $1.65/100g",pasta_sauce,Superstore
Organic Creamy Tomato Soup,7.99,"1 l, $0.80/100ml",pasta_sauce,Superstore
"Couscous, Lemon Spinach",4.79,"198 g, $2.42/100g",pasta_sauce,Superstore
Marinara Pasta Sauce,4.79,"300 ml, $1.60/100ml",pasta_sauce,Superstore
Organic Creamy Tomato Soup,7.99,"1 l, $0.80/100ml",pasta_sauce,Superstore
Organic Split Green Peas,3.69,"450 g, $0.82/100g",pasta_sauce,Superstore
"Organic Pasta Sauce, Primavera",6.29,"700 ml, $0.90/100ml",pasta_sauce,Superstore
Pasta Brown Rice Spagetti,2.99,"454 g, $0.77/100g",pasta_sauce,Superstore
Spaghetti,4.00,"454 g, $0.88/100g",pasta_sauce,Superstore
"Organic Low Sodium Soup, Creamy Tomato",6.29,"1 l, $0.63/100ml",pasta_sauce,Superstore
"Classic, Linguine Pasta",4.79,"900 g, $0.53/100g",pasta_sauce,Superstore
Organic Fettuccine,4.99,"210 g, $2.38/100g",pasta_sauce,Superstore
Whole Grain Fettucine Pasta,2.79,"375 g, $0.74/100g",pasta_sauce,Superstore
Alfredo Pasta Sauce,4.79,"300 ml, $1.60/100ml",pasta_sauce,Superstore
Organic California White Jasmine Rice,13.49,"907 g, $1.65/100g",pasta_sauce,Superstore
Ditali Pasta,2.49,"410 g, $0.61/100g",pasta_sauce,Superstore
"SuperGreens, Spaghetti Pasta",2.99,"300 g, $1.10/100g",pasta_sauce,Superstore
"SuperGreens, Fusilli Pasta",2.99,"300 g, $1.10/100g",pasta_sauce,Superstore
"Whole Grains, Linguine Pasta",3.29,"375 g, $0.88/100g",pasta_sauce,Superstore
World Cuisine Puttanesca Sauce,4.29,"530 ml, $0.90/100ml",pasta_sauce,Superstore
"Smart, Bows Pasta",3.29,"340 g, $0.97/100g",pasta_sauce,Superstore
Traditional Pizza Sauce,3.99,"410 ml, $0.97/100ml",pasta_sauce,Superstore
Capellini Pasta,2.49,"410 g, $0.61/100g",pasta_sauce,Superstore
Roasted Red Pepper Alfredo Spaghetti Pasta Sauce,3.99,"410 ml, $0.97/100ml",pasta_sauce,Superstore
Spaghetti,3.29,"450 g, $0.72/100g",pasta_sauce,Superstore
"Pasta Sauce, Creamy Rosé ",5.49,"300 ml, $1.83/100ml",pasta_sauce,Superstore
"Pasta Sauce, Creamy Rose‚ ",8.49,"600 ml, $1.42/100ml",pasta_sauce,Superstore
Fettuccine Pasta,2.49,"410 g, $0.61/100g",pasta_sauce,Superstore
Conchiglie N°393 Pasta ,2.49,"410 g, $0.61/100g",pasta_sauce,Superstore
"Smart, Fettuccine Pasta",3.29,"375 g, $0.88/100g",pasta_sauce,Superstore
"Smart, Macaroni Pasta",3.29,"375 g, $0.88/100g",pasta_sauce,Superstore
Girassoli Made with Buffalo Milk Mozzarella,6.49,"250 g, $2.60/100g",pasta_sauce,Superstore
"Ravioli, Fresh Ricotta & Spinach ",8.99,"600 g, $1.50/100g",pasta_sauce,Superstore
Thin Egg Noodles,3.49,"454 g, $0.77/100g",pasta_sauce,Superstore
Italian Sausage,3.99,"650 ml, $0.61/100ml",pasta_sauce,Superstore
Spaghettoni Pasta,2.49,"410 g, $0.61/100g",pasta_sauce,Superstore
"Smart, Spaghettini Pasta",3.29,"375 g, $0.88/100g",pasta_sauce,Superstore
Lasagna Pasta,2.49,"500 g, $0.50/100g",pasta_sauce,Superstore
Tomato Paste     ,4.29,"156 ml, $2.75/100ml",pasta_sauce,Superstore
Tomato Sauce,2.49,"680 ml, $0.37/100ml",pasta_sauce,Superstore
"Smart, Lasagne Pasta",3.99,"375 g, $1.06/100g",pasta_sauce,Superstore
"Gluten Free, Linguine Pasta",2.99,"340 g, $0.97/100g",pasta_sauce,Superstore
Organic California Brown Basmati Rice,13.49,"907 g, $1.65/100g",pasta_sauce,Superstore
"Pasta Sauce, Thick & Zesty Tomato Basil",2.49,"680 ml, $0.37/100ml",pasta_sauce,Superstore
"Organic Soup, Vegetable Barley",5.29,"398 ml, $1.33/100ml",pasta_sauce,Superstore
Rigatoni Pasta,2.49,"454 g, $0.55/100g",pasta_sauce,Superstore
Cheese & Spinach Ravioli,3.99,"350 g, $1.14/100g",pasta_sauce,Superstore
Quattro Formaggi Pasta Sauce,3.79,"650 ml, $0.58/100ml",pasta_sauce,Superstore
From Japan Brown Rice Miso,7.99,"150 g, $5.33/100g",pasta_sauce,Superstore
Roasted Garlic Pasta Sauce,7.99,"680 ml, $1.18/100ml",pasta_sauce,Superstore
Capellini,2.99,"900 g, $0.33/100g",pasta_sauce,Superstore
"Thick Noodles, Scallop",8.99,"880 g, $1.02/100g",pasta_sauce,Superstore
Tomato Basil Pasta Sauce,4.29,"700 ml, $0.61/100ml",pasta_sauce,Superstore
Pennine Rigate Macaroni Products,2.99,"900 g, $0.33/100g",pasta_sauce,Superstore
Linguine,2.99,"900 g, $0.33/100g",pasta_sauce,Superstore
"Gluten Free, Lasagne Pasta",3.99,"250 g, $1.60/100g",pasta_sauce,Superstore
Elbow Macaroni Pasta,4.49,"2 kg, $0.22/100g",pasta_sauce,Superstore
"Quinoa, Whole Grain",4.79,"200 g, $2.40/100g",pasta_sauce,Superstore
Beef Tortellini,3.99,"350 g, $1.14/100g",pasta_sauce,Superstore
Pacific Organic Roasted Red Pepper & Tomato Soup,7.99,"1 l, $0.80/100ml",pasta_sauce,Superstore
Extra Fine Egg Noodles,2.79,"340 g, $0.82/100g",pasta_sauce,Superstore
Alfredo Pasta Sauce,4.99,"410 ml, $1.22/100ml",pasta_sauce,Superstore
Mushroom & Garlic Pasta Sauce,4.29,"700 ml, $0.61/100ml",pasta_sauce,Superstore
Rotini Pasta,1.49,"500 g, $0.30/100g",pasta_sauce,Superstore
Penne Rigate With Fibre White Pasta,2.79,"375 g, $0.74/100g",pasta_sauce,Superstore
Blue Menu Alfredo Pasta Sauce,4.99,"410 ml, $1.22/100ml",pasta_sauce,Superstore
"Classic, Spaghettini Pasta",2.29,"500 g, $0.54/100g",pasta_sauce,Superstore
"Classic, Vermicelli Pasta",2.29,"500 g, $0.54/100g",pasta_sauce,Superstore
Quinoa & Ancient Grains,4.79,"180 g, $2.66/100g",pasta_sauce,Superstore
Potato Gnocchi,4.99,"1 kg, $0.50/100g",pasta_sauce,Superstore
Tomato Paste,1.49,"156 ml, $0.96/100ml",pasta_sauce,Superstore
Brown Braising Sauce 410 ml,4.29,"410 ml, $1.05/100ml",pasta_sauce,Superstore
Tuscany Style Minestrone Organic Soup,3.79,"398 ml, $0.95/100ml",pasta_sauce,Superstore
Pizza Sauce,2.49,"398 ml, $0.63/100ml",pasta_sauce,Superstore
Linguine Pasta,2.49,"454 g, $0.55/100g",pasta_sauce,Superstore
Fusilli,2.99,"900 g, $0.33/100g",pasta_sauce,Superstore
Four Cheese Manicotti ,8.99,"540 g, $1.66/100g",pasta_sauce,Superstore
Rotini,2.99,"900 g, $0.33/100g",pasta_sauce,Superstore
Brown Rice Lasagna,2.99,"340 g, $1.03/100g",pasta_sauce,Superstore
"Tomato Sauce, No Salt",2.29,"398 ml, $0.58/100ml",pasta_sauce,Superstore
Gluten Free Fusilli,4.29,"340 g, $1.26/100g",pasta_sauce,Superstore
Bone Broth Turmeric Ginger Organic,11.99,"454 ml, $2.64/100ml",pasta_sauce,Superstore
Thick  Shrimp Egg Noodles,2.29,"454 g, $0.50/100g",pasta_sauce,Superstore
Pizza Kit,8.49,"850 g, $1.00/100g",pasta_sauce,Superstore
Spaghetti Pasta,2.49,"454 g, $0.55/100g",pasta_sauce,Superstore
Egg Noodles,8.99,"828 g, $1.09/100g",pasta_sauce,Superstore
Organic Red Lentil Penne,6.49,"227 g, $2.86/100g",pasta_sauce,Superstore
Pasta Brown Rice Penne,2.99,"454 g, $0.77/100g",pasta_sauce,Superstore
Regenerative Organic White Jasmine Rice,4.99,"226.8 g, $2.42/100g",pasta_sauce,Superstore
"Classic, Macaroni Pasta",2.29,"500 g, $0.54/100g",pasta_sauce,Superstore
White Rotini Pasta With Fibre ,2.79,"375 g, $0.74/100g",pasta_sauce,Superstore
Organic Rice Ramen Jade Pearl Organic,11.49,"283 g, $4.06/100g",pasta_sauce,Superstore
"Homegrown Macaroni & Cheese, Rice Pasta & Cheddar, Gluten Free",2.49,"170 g, $1.64/100g",pasta_sauce,Superstore
"Pasta, Spaghetti",2.99,"900 g, $0.33/100g",pasta_sauce,Superstore
Nested Angel Hair,5.49,"300 g, $1.83/100g",pasta_sauce,Superstore
Spaghetti,2.99,"900 g, $0.33/100g",pasta_sauce,Superstore
Gluten Free Spaghetti,4.29,"340 g, $1.26/100g",pasta_sauce,Superstore
Rigatoni,2.99,"900 g, $0.33/100g",pasta_sauce,Superstore
"Classic, Vermicelli Pasta",2.29,"500 g, $0.54/100g",pasta_sauce,Superstore
Bone Broth Turmeric Ginger Organic,11.99,"454 ml, $2.64/100ml",pasta_sauce,Superstore
"Pasta, Spaghetti",2.99,"900 g, $0.33/100g",pasta_sauce,Superstore
"Classic, Medium Bows Pasta",4.79,"700 g, $0.68/100g",pasta_sauce,Superstore
"Organic Low Sodium Broth, Vegetable",4.49,"1 l, $0.45/100ml",pasta_sauce,Superstore
Organic California Brown Jasmine Rice,13.49,"907 g, $1.65/100g",pasta_sauce,Superstore
Gluten Free Spaghetti,4.29,"340 g, $1.26/100g",pasta_sauce,Superstore
Brown Rice Spaghetti,2.99,"454 g, $0.77/100g",pasta_sauce,Superstore
Chicken Broth Reduced Sodium,2.00,"900 ml, $0.22/100ml",pasta_sauce,Superstore
Roasted Beef Base Organic,12.99,"227 g, $5.72/100g",pasta_sauce,Superstore
Rosée Pasta Sauce,4.99,"425 ml, $1.17/100ml",pasta_sauce,Superstore
"Pasta, Spaghetti Club Pack",6.99,"2.27 kg, $0.31/100g",pasta_sauce,Superstore
Organic Alimentary Pastas Lasagne   ,5.49,"375 g, $1.46/100g",pasta_sauce,Superstore
Shells & Vegan Cheese,4.49,"170 g, $2.64/100g",pasta_sauce,Superstore
Vermicelli,1.49,"500 g, $0.30/100g",pasta_sauce,Superstore
"Pesto with Basil, Pine Nuts and Extra Virgin Olive Oil Pasta Sauce",4.99,"190 g, $2.63/100g",pasta_sauce,Superstore
Linguine,2.99,"900 g, $0.33/100g",pasta_sauce,Superstore
Organic Chicken + Rice Soup,6.49,"398 ml, $1.63/100ml",pasta_sauce,Superstore
Organic Spaghetti,4.99,"210 g, $2.38/100g",pasta_sauce,Superstore
Tomato Basil Sauce,10.79,"685 ml, $1.75/100ml",pasta_sauce,Superstore
Edamame Spaghetti,6.49,"200 g, $3.25/100g",pasta_sauce,Superstore
Nduja Spread,6.99,"180 g, $3.88/100g",pasta_sauce,Superstore
Linguine Pasta,2.99,"450 g, $0.66/100g",pasta_sauce,Superstore
90-Second Regenerative Organic Certified® White Jasmine Rice,9.49,"907 g, $1.16/100g",pasta_sauce,Superstore
Organic Chickpea Rice Fusilli,6.00,"227 g, $2.64/100g",pasta_sauce,Superstore
Organic Beef Broth,6.79,"946 ml, $0.72/100ml",pasta_sauce,Superstore
White Arborio Rice,13.49,"907 g, $1.65/100g",pasta_sauce,Superstore
Pizza Sauce,4.29,"350 ml, $1.23/100ml",pasta_sauce,Superstore
Arrabbiata Pasta Sauce,6.49,"650 ml, $1.00/100ml",pasta_sauce,Superstore
Royal Umbrella Rice Noodle,2.49,"454 g, $0.55/100g",pasta_sauce,Superstore
Cheese Rainbow Tortellini,8.00,"1 kg, $0.80/100g",pasta_sauce,Superstore
Gluten Free Couscous,4.29,"375 g, $1.14/100g",pasta_sauce,Superstore
Organic Vegetable Broth,6.79,"1 l, $0.68/100ml",pasta_sauce,Superstore
Organic Chicken Broth,6.79,"946 ml, $0.72/100ml",pasta_sauce,Superstore
Arrabbiata Spicy Red Pepper Spaghetti Pasta Sauce,3.99,"650 ml, $0.61/100ml",pasta_sauce,Superstore
Schezwan Chutney,2.69,"250 g, $1.08/100g",pasta_sauce,Superstore
Mushroom Alfredo Spaghetti Pasta Sauce,3.99,"410 ml, $0.97/100ml",pasta_sauce,Superstore
"Tortellini, 3 Cheese ",8.99,"700 g, $1.28/100g",pasta_sauce,Superstore
Vodka Sauce Spaghetti Pasta Sauce,3.99,"650 ml, $0.61/100ml",pasta_sauce,Superstore
Vermicelli 1 Mm,1.79,"400 g, $0.45/100g",pasta_sauce,Superstore
"Smart, Linguine Pasta",3.29,"375 g, $0.88/100g",pasta_sauce,Superstore
Orzo Pasta,2.49,"340 g, $0.73/100g",pasta_sauce,Superstore
"Smart Veggie, Spaghettini Pasta",3.29,"340 g, $0.97/100g",pasta_sauce,Superstore
Sweet Thai Chilli Sauce,3.49,"830 g, $0.48/100g",pasta_sauce,Superstore
Pasta Gemelli,2.49,"340 g, $0.73/100g",pasta_sauce,Superstore
Skillet Gnocchi ,5.49,"280 g, $1.96/100g",pasta_sauce,Superstore
3-Minute Wide Ramen Noodles,3.79,"504 g, $0.89/100g",pasta_sauce,Superstore
Organic Brown And Wild Rice Blend,9.99,"900 g, $1.11/100g",pasta_sauce,Superstore
"Gluten Free, Penne Rigate Pasta",2.99,"340 g, $0.97/100g",pasta_sauce,Superstore
Skillet Gnocchi ,5.49,"280 g, $1.96/100g",pasta_sauce,Superstore
3-Minute Wide Ramen Noodles,3.79,"504 g, $0.89/100g",pasta_sauce,Superstore
Passata      ,4.99,"688 ml, $0.73/100ml",pasta_sauce,Superstore
Splendido Roasted Vegetable Tortelloni,8.99,"600 g, $1.50/100g",pasta_sauce,Superstore
Mushroom Ravioli ,8.99,"600 g, $1.50/100g",pasta_sauce,Superstore
Orzo,2.99,"900 g, $0.33/100g",pasta_sauce,Superstore
Spaghetti Sauce Sweet Style,4.29,"1000 ml, $0.50/100ml",pasta_sauce,Superstore
Organic Kimchi Shredded,7.79,"480 ml, $1.62/100ml",pasta_sauce,Superstore
Tomato and Mozzarella Skillet Gnocchi,5.49,"280 g, $1.96/100g",pasta_sauce,Superstore
Rice & Amaranth Penne Pasta,4.99,"227 g, $2.20/100g",pasta_sauce,Superstore
Wild Rice Blend Riceberry Rice,4.99,"400 g, $1.25/100g",pasta_sauce,Superstore
Mac & Vegan Cheese,4.49,"170 g, $2.64/100g",pasta_sauce,Superstore
Potato Gnocchi,3.29,"500 g, $0.66/100g",pasta_sauce,Superstore
Spaghetti Organic Black Bean,4.49,"200 g, $2.25/100g",pasta_sauce,Superstore
Baby Shells,2.99,"900 g, $0.33/100g",pasta_sauce,Superstore
Roasted Portobello Mushroom Pasta Sauce,3.79,"650 ml, $0.58/100ml",pasta_sauce,Superstore
Roasted Chicken Base Organic,12.99,"227 g, $5.72/100g",pasta_sauce,Superstore
Vegan Mac Macaroni & Sauce Sweet Potato Pumpkin Shells,3.29,"170 g, $2.35/100g",pasta_sauce,Superstore
Whole Grain Macaroni Pasta,2.79,"375 g, $0.74/100g",pasta_sauce,Superstore
"Artisan Pasta, Spaghetti",2.29,"450 g, $0.55/100g",pasta_sauce,Superstore
Organic Arrabbiata Sauce,6.29,"700 ml, $0.90/100ml",pasta_sauce,Superstore
Rice Paper,2.69,"400 g, $0.75/100g",pasta_sauce,Superstore
Rotini,2.99,"900 g, $0.33/100g",pasta_sauce,Superstore
Ramen Organic,3.99,"269 g, $1.67/100g",pasta_sauce,Superstore
Organic Cashew Carrot Ginger Soup,7.99,"1 l, $0.80/100ml",pasta_sauce,Superstore
Fettuccine,2.99,"900 g, $0.33/100g",pasta_sauce,Superstore
Rice Wraps Organic Spring Roll,4.99,"120 g, $4.16/100g",pasta_sauce,Superstore
"Pasta, Elbows",1.99,"450 g, $0.44/100g",pasta_sauce,Superstore
One Pot Pasta Meal Creamy Garlic,7.99,"198 g, $4.04/100g",pasta_sauce,Superstore
"Macaroni & Cheese, White Cheddar",11.99,"680 g, $1.76/100g",pasta_sauce,Superstore
Brown Rice Fusilli Pasta,2.99,"454 g, $0.66/100g",pasta_sauce,Superstore
"Oriental Style Noodle, Thin",4.49,"500 g, $0.90/100g",pasta_sauce,Superstore
Organic Chicken Bouillon Cubes,4.29,"66 g, $6.50/100g",pasta_sauce,Superstore
Creamy Tomato Basil Soup Organic,7.99,"946 ml, $0.84/100ml",pasta_sauce,Superstore
Vegan Mac Macaroni & Sauce Macaroni & Cheddar Flavour,3.29,"170 g, $2.35/100g",pasta_sauce,Superstore
Vegetable Broth,2.00,"900 ml, $0.22/100ml",pasta_sauce,Superstore
Jade Pearl Rice Ramen,2.99,"80 g, $3.74/100g",pasta_sauce,Superstore
"Organic Pasta Sauce, Roasted Garlic & Herb",6.29,"700 ml, $0.90/100ml",pasta_sauce,Superstore
Penne Rigate Pasta,1.49,"500 g, $0.30/100g",pasta_sauce,Superstore
Macaroni Products Spaghetti,1.99,"450 g, $0.44/100g",pasta_sauce,Superstore
"Pasta, Capellini",2.99,"900 g, $0.33/100g",pasta_sauce,Superstore
Fusilli Pasta,2.49,"454 g, $0.55/100g",pasta_sauce,Superstore
Penne Rigate,2.99,"900 g, $0.33/100g",pasta_sauce,Superstore
Organic Spelt Wholewheat Flour Pasta Penne Rigate,3.29,"340 g, $0.97/100g",pasta_sauce,Superstore
Organic Spelt Wholewheat Flour Pasta Spaghetti,3.29,"340 g, $0.97/100g",pasta_sauce,Superstore
Fettuccini,3.99,"350 g, $1.14/100g",pasta_sauce,Superstore
"Pasta Sauce, Original",8.49,"1.75 l, $0.49/100ml",pasta_sauce,Superstore
Macaroni Products Spaghetti,1.99,"450 g, $0.44/100g",pasta_sauce,Superstore
Vegetable Broth,2.00,"900 ml, $0.22/100ml",pasta_sauce,Superstore
Jade Pearl Rice Ramen,2.99,"80 g, $3.74/100g",pasta_sauce,Superstore
"Classic, Spaghettini Pasta",4.79,"900 g, $0.53/100g",pasta_sauce,Superstore
"Macaroni & Cheese, White Cheddar",11.99,"680 g, $1.76/100g",pasta_sauce,Superstore
"Organic Pasta Sauce, Roasted Garlic & Herb",6.29,"700 ml, $0.90/100ml",pasta_sauce,Superstore
"Classic, Capelli D'Angelo Pasta",2.29,"375 g, $0.72/100g",pasta_sauce,Superstore
Jinmailang Ramen Noodle,2.79,"1 kg, $0.40/100g",pasta_sauce,Superstore
Gluten Free Macaroni,4.29,"340 g, $1.26/100g",pasta_sauce,Superstore
Cheese Rainbow Tortellini ,3.99,"350 g, $1.14/100g",pasta_sauce,Superstore
Pasta Sauce,7.99,"680 ml, $1.18/100ml",pasta_sauce,Superstore
Chinese Style Steam Fried Noodles,2.99,"397 g, $0.75/100g",pasta_sauce,Superstore
Penne Oat,4.49,"400 g, $1.12/100g",pasta_sauce,Superstore
"Express, Lasagne Pasta",3.99,"375 g, $1.06/100g",pasta_sauce,Superstore
"Classic, Medium Bows Pasta",2.29,"375 g, $0.72/100g",pasta_sauce,Superstore
"Organic Bouillon Cubes, Vegetable",4.29,"54 g, $7.94/100g",pasta_sauce,Superstore
Black Bean Spaghetti,6.49,"200 g, $3.25/100g",pasta_sauce,Superstore
"Classic, Penne Rigate Pasta",4.79,"700 g, $0.68/100g",pasta_sauce,Superstore
Spaghettini Pasta,2.49,"454 g, $0.55/100g",pasta_sauce,Superstore
White Rice Spaghetti,2.99,"454 g, $0.77/100g",pasta_sauce,Superstore
Rice Oat,4.49,"400 g, $1.12/100g",pasta_sauce,Superstore
Organic Red Kidney Beans,3.69,"450 g, $0.82/100g",pasta_sauce,Superstore
Brown Rice Fusilli,2.99,"454 g, $0.77/100g",pasta_sauce,Superstore
Spaghettini,3.29,"450 g, $0.72/100g",pasta_sauce,Superstore
Mushroom Pasta Sauce,7.99,"1.8 l, $0.44/100ml",pasta_sauce,Superstore
"Organic Pasta, Penne Rigate",4.00,"454 g, $0.88/100g",pasta_sauce,Superstore
"Pasta Sauce, Fresh Mushrooms",8.49,"1.75 l, $0.49/100ml",pasta_sauce,Superstore
Pindjur,4.49,"500 ml, $0.90/100ml",pasta_sauce,Superstore
Italian Sausage Pasta Sauce,4.29,"650 ml, $0.66/100ml",pasta_sauce,Superstore
Elbows,2.99,"900 g, $0.33/100g",pasta_sauce,Superstore
"Pasta, Spaghettini",2.99,"900 g, $0.33/100g",pasta_sauce,Superstore
"Macaroni & Cheese, Rice Pasta & Cheddar",2.99,"57 g, $5.25/100g",pasta_sauce,Superstore
Tricolour Rotini Pasta,4.49,"1.81 kg, $0.25/100g",pasta_sauce,Superstore
Rice & Quinoa Fusilli Pasta,4.99,"227 g, $2.20/100g",pasta_sauce,Superstore
"Organic Soup, Alphabet",5.29,"398 ml, $1.33/100ml",pasta_sauce,Superstore
Organic White Jasmine Rice,7.49,"900 g, $0.83/100g",pasta_sauce,Superstore
Mediterranean Lentil  Organic Soup,3.79,"398 ml, $0.95/100ml",pasta_sauce,Superstore
Tabouli Garden Wheat Salad Mix,4.79,"170 g, $2.82/100g",pasta_sauce,Superstore
"Artisan Pasta, Fusilli",2.29,"450 g, $0.55/100g",pasta_sauce,Superstore
Linguine Pasta,1.49,"500 g, $0.30/100g",pasta_sauce,Superstore
Marinara Pasta Sauce ,4.29,"700 ml, $0.61/100ml",pasta_sauce,Superstore
Alfredo Flavour Plant-Based Deluxe Mac & Cheeze,5.79,"300 g, $1.93/100g",pasta_sauce,Superstore
"Classic, Fettuccine Pasta",4.79,"900 g, $0.53/100g",pasta_sauce,Superstore
Miswa Chinese Vermicelli,1.99,"227 g, $0.88/100g",pasta_sauce,Superstore
Butternut Squash Risotto,4.99,"164 g, $3.04/100g",pasta_sauce,Superstore
Organic Broccoli Soup,6.29,"1 l, $0.63/100ml",pasta_sauce,Superstore
the Low Calorie Pasta Organic Konjac Angel Hair,4.99,"210 g, $2.38/100g",pasta_sauce,Superstore
Small Shells,2.99,"900 g, $0.33/100g",pasta_sauce,Superstore
Pasta Farfalle No. 93,3.29,"450 g, $0.72/100g",pasta_sauce,Superstore
Penne Green Lentil Organic,6.49,"227 g, $2.86/100g",pasta_sauce,Superstore
Fresh Ricotta & Spinach Ravioli ,5.99,"450 g, $1.33/100g",pasta_sauce,Superstore
"Tortellini, Chicken Bacon ",5.99,"450 g, $1.33/100g",pasta_sauce,Superstore
Rigatoni Pasta,2.49,"410 g, $0.61/100g",pasta_sauce,Superstore
"Organic Drum Wheat Semolina Pasta, Macaroni",3.49,"500 g, $0.70/100g",pasta_sauce,Superstore
Pasta Cellentani,2.49,"340 g, $7.32/100g",pasta_sauce,Superstore
"Whole Grains, Spaghettini Pasta",3.29,"375 g, $0.88/100g",pasta_sauce,Superstore
Fusilli,3.49,"500 g, $0.70/100g",pasta_sauce,Superstore
Ginger Paste Ground Ginger,4.49,"310 g, $1.45/100g",pasta_sauce,Superstore
Vermicelli 3 Mm,1.79,"400 g, $0.45/100g",pasta_sauce,Superstore
Di Firenze Florentine Spinach & Cheese Pasta Sauce,3.99,"650 ml, $0.61/100ml",pasta_sauce,Superstore
"Smart, Rotini Pasta",3.29,"375 g, $0.88/100g",pasta_sauce,Superstore
Fire Roasted Pizza Sauce,3.99,"410 ml, $0.97/100ml",pasta_sauce,Superstore
World Cuisine Siciliana Sauce,4.29,"530 ml, $0.90/100ml",pasta_sauce,Superstore
Di Roma Light Alfredo Pasta Sauce,3.99,"410 ml, $0.97/100ml",pasta_sauce,Superstore
"Pasta, Vermicelli Longkou Pancit Sotanghon",1.69,"250 g, $0.68/100g",pasta_sauce,Superstore
Organic Long Grain Brown Rice,9.99,"2 kg, $0.50/100g",pasta_sauce,Superstore
Mezzelune Burrata & ‘Nduja,6.49,"250 g, $2.60/100g",pasta_sauce,Superstore
Thin Rice Noodles,1.49,"250 g, $0.60/100g",pasta_sauce,Superstore
Organic Long Grain White Rice,5.49,"900 g, $0.61/100g",pasta_sauce,Superstore
Potato Gnocchi,5.49,"350 g, $1.57/100g",pasta_sauce,Superstore
Alfredo Sauce,7.49,"580 ml, $1.29/100ml",pasta_sauce,Superstore
Fresh Ricotta & Spinach Cannelloni ,8.99,"540 g, $1.66/100g",pasta_sauce,Superstore
Broad Noodle,3.29,"340 g, $0.97/100g",pasta_sauce,Superstore
"Whole Grains, Lasagne Pasta",3.99,"375 g, $1.06/100g",pasta_sauce,Superstore
Splendido Ricotta and Spinach Girasole,8.99,"600 g, $1.50/100g",pasta_sauce,Superstore
3-Minute Ramen Noodles,3.79,"504 g, $0.89/100g",pasta_sauce,Superstore
Mozzarella and Sun Dried Tomato Girasole,8.99,"600 g, $1.50/100g",pasta_sauce,Superstore
"Organic Soup, Split Pea",5.29,"398 ml, $1.33/100ml",pasta_sauce,Superstore
Millet & Brown Rice Ramen,2.99,"80 g, $3.74/100g",pasta_sauce,Superstore
Vermicelli,1.29,"150 g, $0.86/100g",pasta_sauce,Superstore
Organic Split Yellow Peas,3.69,"450 g, $0.82/100g",pasta_sauce,Superstore
Thick Egg Noodles,3.49,"454 g, $0.77/100g",pasta_sauce,Superstore
"Classic, Fusilli Pasta",2.29,"500 g, $0.54/100g",pasta_sauce,Superstore
Rice Pasta Shells & White Cheddar Cheese,2.49,"170 g, $1.64/100g",pasta_sauce,Superstore
Organic California Sushi Rice,13.49,"907 g, $1.65/100g",pasta_sauce,Superstore
Organic Tomato & Basil Pasta Sauce,6.29,"700 ml, $0.90/100ml",pasta_sauce,Superstore
Organic Beef Bouillon Cubes,4.29,"66 g, $6.50/100g",pasta_sauce,Superstore
Cheese & Bacon Tortellini ,3.99,"350 g, $1.14/100g",pasta_sauce,Superstore
"Organic Low Sodium Broth, Chicken",4.49,"1 l, $0.45/100ml",pasta_sauce,Superstore
Spaghettini,6.99,"2.27 kg, $0.31/100g",pasta_sauce,Superstore
"Organic Soup, Lentil Vegetable",5.29,"398 ml, $1.33/100ml",pasta_sauce,Superstore
"Artisan Pasta, Spaghettini",2.29,"450 g, $0.55/100g",pasta_sauce,Superstore
Orzo,2.99,"900 g, $0.33/100g",pasta_sauce,Superstore
Tomato Sauce,2.29,"398 ml, $0.58/100ml",pasta_sauce,Superstore
Fusilli,1.99,"450 g, $0.44/100g",pasta_sauce,Superstore
"Artisan Pasta, Spaghettini",2.29,"450 g, $0.55/100g",pasta_sauce,Superstore
Organic Chicken Noodle Soup,6.49,"398 ml, $1.63/100ml",pasta_sauce,Superstore
Unsalted Chicken Bone Broth,9.29,"946 ml, $0.98/100ml",pasta_sauce,Superstore
Macaroni Pasta,2.49,"454 g, $0.55/100g",pasta_sauce,Superstore
"Organic Vegetable Bouillon Cubes, Yeast-Free",4.29,"66 g, $6.50/100g",pasta_sauce,Superstore
Organic White Quinoa,12.99,"800 g, $1.62/100g",pasta_sauce,Superstore
Spanish Pilaf,4.79,"198 g, $2.42/100g",pasta_sauce,Superstore
Pad Thai Rice Noodles Traditional,7.99,"227 g, $3.52/100g",pasta_sauce,Superstore
Organic Rice Ramen Millet & Brown Organic,11.49,"283 g, $4.06/100g",pasta_sauce,Superstore
"Organic Soup, Fire Roasted Southwestern Vegetable",5.29,"398 ml, $1.33/100ml",pasta_sauce,Superstore
"Manwich Sauce, Original",2.49,"398 ml, $0.63/100ml",pasta_sauce,Superstore
One Pot Pasta Meal Pepper & Parm,7.99,"198 g, $4.04/100g",pasta_sauce,Superstore
Organic White Basmati,16.99,"2 kg, $0.85/100g",pasta_sauce,Superstore
"Pasta, Elbows    ",2.99,"900 g, $0.33/100g",pasta_sauce,Superstore
"Tortelloni, Italian Sausage ",8.99,"600 g, $1.50/100g",pasta_sauce,Superstore
"Pasta, Penne Rigate",2.99,"900 g, $0.33/100g",pasta_sauce,Superstore
Penne Ritorte,4.99,"500 g, $1.00/100g",pasta_sauce,Superstore
Chinese Style Chow Mein Noodles,2.99,"397 g, $0.75/100g",pasta_sauce,Superstore
Cornstarch Sticks Special Palabok,1.50,"454 g, $0.50/100g",pasta_sauce,Superstore
Farfalle Pasta,2.49,"454 g, $0.55/100g",pasta_sauce,Superstore
Pennine Rigate Pasta,2.99,"900 g, $0.33/100g",pasta_sauce,Superstore
Quinoa Rice Spaghetti,6.00,"227 g, $2.64/100g",pasta_sauce,Superstore
Stir Fry Instant Noodles,1.49,"400 g, $0.37/100g",pasta_sauce,Superstore
Rice Stick Size L,1.99,"454 g, $0.50/100g",pasta_sauce,Superstore
Farfalle,2.99,"450 g, $0.66/100g",pasta_sauce,Superstore
Acini Di Pepe Pasta,2.29,"900 g, $0.25/100g",pasta_sauce,Superstore
"Tomato Sauce, No Salt Added",2.49,"680 ml, $0.37/100ml",pasta_sauce,Superstore
"Artisan Pasta, Gemelli",2.29,"450 g, $0.55/100g",pasta_sauce,Superstore
Pesto Sauce with Basil Organic,9.49,"160 ml, $5.93/100ml",pasta_sauce,Superstore
Splendido Chicken with Lemon Tortellone,5.99,"600 g, $1.00/100g",pasta_sauce,Superstore
Macaroni & Cheese Spirals with Butter & Parmesan,2.49,"149 g, $1.87/100g",pasta_sauce,Superstore
Couscous Pearl,4.79,"180 g, $2.66/100g",pasta_sauce,Superstore
Macaroni & Cheese Four Cheese,2.49,"156 g, $1.79/100g",pasta_sauce,Superstore
Organic White Basmati,7.99,"900 g, $0.89/100g",pasta_sauce,Superstore
"Pasta, Fettuccini",2.99,"900 g, $0.33/100g",pasta_sauce,Superstore
Capellini Pasta,2.49,"454 g, $0.55/100g",pasta_sauce,Superstore
Penne Rigate,1.99,"450 g, $0.44/100g",pasta_sauce,Superstore
California Brown Basmati Rice,8.99,"907 g, $0.99/100g",pasta_sauce,Superstore
Thai Rice Stick Noodles,2.49,"454 g, $0.55/100g",pasta_sauce,Superstore
Lasagne,3.29,"375 g, $0.88/100g",pasta_sauce,Superstore
Chickpea Fusilli,6.49,"227 g, $2.86/100g",pasta_sauce,Superstore
Thick Rice Noodles,1.49,"250 g, $0.60/100g",pasta_sauce,Superstore
From Japan Light Sweet Miso,7.99,"150 g, $5.33/100g",pasta_sauce,Superstore
LoMein Noodles ,1.79,"363 g, $0.55/100g",pasta_sauce,Superstore
Fettuccine Pasta,1.49,"500 g, $0.30/100g",pasta_sauce,Superstore
"Pasta Sauce, Thick & Zesty Hot & Spicy",2.49,"680 ml, $0.37/100ml",pasta_sauce,Superstore
"Thick & Rich Pasta Sauce, Four Cheese",1.99,"680 ml, $0.37/100ml",pasta_sauce,Superstore
"Mirin, Sweet Cooking Seasoning",5.49,"355 ml, $1.69/100ml",pasta_sauce,Superstore
Pennine Rigate Pasta,2.99,"900 g, $0.33/100g",pasta_sauce,Superstore
Quinoa Rice Spaghetti,6.00,"227 g, $2.64/100g",pasta_sauce,Superstore
Farfalle Pasta,2.49,"454 g, $0.55/100g",pasta_sauce,Superstore
Tomato Paste,2.29,"369 ml, $0.67/100ml",pasta_sauce,Superstore
"Tomato Paste, Italian Herbs",1.19,"156 ml, $0.83/100ml",pasta_sauce,Superstore
Signature Formaggi with Aged Parmesan Reggiano 600g ,8.99,"600 g, $1.50/100g",pasta_sauce,Superstore
"Pasta, Shells",2.99,"900 g, $0.33/100g",pasta_sauce,Superstore
Tomato Basil Bruschetta Topping,5.49,"410 ml, $1.34/100ml",pasta_sauce,Superstore
Dairy Free Cheddar Mac & Cheese,4.99,"1 ea, $4.99/1ea",pasta_sauce,Superstore
"Classic, Spaghetti Pasta",4.79,"900 g, $0.53/100g",pasta_sauce,Superstore
Condensed Soup Cream Of Mushroom Organic,4.29,"284 ml, $1.51/100ml",pasta_sauce,Superstore
White Spaghettini Pasta With Fibre,2.79,"375 g, $0.74/100g",pasta_sauce,Superstore
Kongmoon Rice Stick Vermicelli,1.79,"400 g, $0.50/100g",pasta_sauce,Superstore
Organic Brown Short Grain Rice,8.79,"907 g, $0.97/100g",pasta_sauce,Superstore
Spaghetti 15,2.99,"450 g, $0.66/100g",pasta_sauce,Superstore
"Smart, Penne Rigate Pasta",3.29,"375 g, $0.88/100g",pasta_sauce,Superstore
Flour Stick Noodles,1.99,"227 g, $0.88/100g",pasta_sauce,Superstore
Di Sorrento Roasted Garlic & Onion Pasta Sauce,3.99,"650 ml, $0.61/100ml",pasta_sauce,Superstore
Gluten Free Penne Pasta,3.79,"340 g, $1.11/100g",pasta_sauce,Superstore
Organic Spaghetti,3.49,"500 g, $0.70/100g",pasta_sauce,Superstore
Gluten Free Fettuccine Pasta,3.79,"340 g, $1.11/100g",pasta_sauce,Superstore
"Smart Veggie, Macaroni Pasta",3.29,"340 g, $0.97/100g",pasta_sauce,Superstore
Organic Pasta Linguine    ,3.49,"500 g, $0.70/100g",pasta_sauce,Superstore
Ginger Garlic Paste Ground Ginger & Garlic,7.49,"700 g, $1.07/100g",pasta_sauce,Superstore
"Multigrain, Spaghetti Pasta",3.29,"375 g, $0.88/100g",pasta_sauce,Superstore
"Pasta Sauce, Zesty",2.49,"680 ml, $0.37/100ml",pasta_sauce,Superstore
Gluten Free Elbows Pasta,3.79,"340 g, $1.11/100g",pasta_sauce,Superstore
Ginger Garlic Paste Ground Ginger & Garlic,4.49,"310 g, $1.45/100g",pasta_sauce,Superstore
Gluten Free Spaghetti Pasta,3.79,"340 g, $1.11/100g",pasta_sauce,Superstore
"Spinach & Roasted Garlic, Fettuccine Pasta ",3.29,"375 g, $0.88/100g",pasta_sauce,Superstore
Pasta Pennette Rigate,2.49,"410 g, $0.61/100g",pasta_sauce,Superstore
"Smart, Fusilli Pasta",3.29,"375 g, $0.88/100g",pasta_sauce,Superstore
Penne Lisce Pasta,2.49,"410 g, $0.61/100g",pasta_sauce,Superstore
"Pasta Sauce, Garlic",2.49,"680 ml, $0.37/100ml",pasta_sauce,Superstore
Buckwheat Noodles ,8.49,"1.3 kg, $0.65/100g",pasta_sauce,Superstore
Gluten Free Rotini Pasta,3.79,"340 g, $1.11/100g",pasta_sauce,Superstore
"Whole Grains, Spaghetti Pasta",3.29,"375 g, $0.88/100g",pasta_sauce,Superstore
Pesto,5.49,190 ml,pasta_sauce,Superstore
Organic Long Grain Brown Rice,5.00,"900 g, $0.56/100g",pasta_sauce,Superstore
Ravioli Grandi Butternut Squash & Brown Butter,6.49,"250 g, $2.60/100g",pasta_sauce,Superstore
"Pasta Sauce, Classic Alfredo ",5.49,"300 ml, $1.83/100ml",pasta_sauce,Superstore
"Pasta, Lasagna Sheets ",5.49,"360 g, $1.53/100g",pasta_sauce,Superstore
Splendido Four Cheese Rainbow Tortellini,8.99,"700 g, $1.28/100g",pasta_sauce,Superstore
Basil & Cheese Pesto ,5.49,"160 g, $3.43/100g",pasta_sauce,Superstore
Cholesterol-Free Egg White Noodles Dumplings,3.29,"340 g, $0.97/100g",pasta_sauce,Superstore
Ricotta and Spinach Filled Gnocchi,3.99,"280 g, $1.43/100g",pasta_sauce,Superstore
Shrimp & Lobster Ravioli Grandi ,6.49,"250 g, $2.60/100g",pasta_sauce,Superstore
Skillet Gnocchi ,5.49,"300 g, $1.83/100g",pasta_sauce,Superstore
Cholesterol-Free Egg White Noodles Dumplings,3.29,"340 g, $0.97/100g",pasta_sauce,Superstore
"Egg Noodles, Thin",3.49,"454 g, $0.77/100g",pasta_sauce,Superstore
Splendido Italian Sausage Cappelletti,8.99,"600 g, $1.50/100g",pasta_sauce,Superstore
Passata Di Pomodoro Strained Tomatoes,3.99,"680 ml, $0.59/100ml",pasta_sauce,Superstore
Dry Noodles,7.99,"1815 g, $0.44/100g",pasta_sauce,Superstore
Splendido Chicken and Pancetta Tortelloni,8.99,"600 g, $1.50/100g",pasta_sauce,Superstore
"White Rice, Long Grain",3.00,"2 kg, $0.15/100g",rice,Superstore
Scented Jasmine Rice ,18.99,"8 kg, $0.24/100g",rice,Superstore
Premium Long Grain Rice,4.97,"1.4 kg, $0.49/100g",rice,Superstore
BISTRO EXPRESS Basmati Rice Side Dish,3.79,"250 g, $1.52/100g",rice,Superstore
Thai Hom Mali Scented Jasmine Rice,4.49,"2 kg, $0.25/100g",rice,Superstore
Jasmine Rice,3.99,"750 g, $0.53/100g",rice,Superstore
BISTRO EXPRESS Jasmine Rice Side Dish,3.79,"240 g, $1.58/100g",rice,Superstore
Basmati Rice     ,15.99,"3.63 kg, $0.44/100g",rice,Superstore
Premium Long Grain Rice,5.49,"700 g, $0.78/100g",rice,Superstore
Long Grain White Rice,5.99,"2 kg, $0.30/100g",rice,Superstore
"Ready To Serve, Basmati Rice",2.49,"250 g, $1.20/100g",rice,Superstore
Aged Basmati Rice,10.00,"3.63 kg, $0.28/100g",rice,Superstore
BISTRO EXPRESS Long Grain & Wild Rice Roasted Chicken Flavour,3.79,"250 g, $1.52/100g",rice,Superstore
Calrose Rice     ,19.99,"8 kg, $0.29/100g",rice,Superstore
BISTRO EXPRESS Vegetable Medley Rice Side Dish,3.79,"250 g, $1.52/100g",rice,Superstore
Basmati Rice     ,6.79,"900 g, $0.78/100g",rice,Superstore
Sticky Rice,3.99,"750 g, $0.53/100g",rice,Superstore
Scented Jasmine Rice ,29.88,"18.1 kg, $0.22/100g",rice,Superstore
Rice Side Dish Cheddar & Broccoli ,2.29,"130 g, $1.76/100g",rice,Superstore
Rice Basmati,17.99,"4.54 kg, $0.42/100g",rice,Superstore
Long Grain Parboiled Rice,5.99,"2 kg, $0.30/100g",rice,Superstore
100% Premium Long Grain White Rice,11.99,"2.6 kg, $0.46/100g",rice,Superstore
BISTRO EXPRESS Butter & Garlic Rice,3.79,"250 g, $1.52/100g",rice,Superstore
BISTRO EXPRESS Mexican Style Rice,3.79,"250 g, $1.52/100g",rice,Superstore
CONVERTED Long Grain Parboiled Rice,8.99,"2.2 kg, $0.45/100g",rice,Superstore
Jasmine Rice     ,5.79,"900 g, $0.67/100g",rice,Superstore
Sidekicks Rice & Vermicelli Chicken Fried Rice,2.29,"153 g, $1.50/100g",rice,Superstore
BISTRO EXPRESS Long Grain & Wild Rice Mushroom Flavour,3.79,"250 g, $1.52/100g",rice,Superstore
BISTRO EXPRESS Fried Rice Side Dish,3.79,"250 g, $1.52/100g",rice,Superstore
Long Grain Instant Rice,6.29,"1.4 kg, $0.45/100g",rice,Superstore
BISTRO EXPRESS Broccoli & Cheddar Rice,3.79,"240 g, $1.58/100g",rice,Superstore
Arborio Superfino Rice,5.79,"750 g, $0.77/100g",rice,Superstore
Quinoa,14.29,"1.8 kg, $0.79/100g",rice,Superstore
Sidekicks Rice & Vermicelli  Harvest Chicken ,2.29,"133 g, $1.72/100g",rice,Superstore
BISTRO EXPRESS Whole Grain Brown Rice Side Dish,3.79,"250 g, $1.52/100g",rice,Superstore
FAST & FANCY Fine Herb & Wild Rice,1.50,"132 g, $1.51/100g",rice,Superstore
Medium Grain Sushi Rice ,5.49,"2.27 kg, $0.29/100g",rice,Superstore
BISTRO EXPRESS Long Grain & Wild Rice Fine Herbs,3.79,"250 g, $1.52/100g",rice,Superstore
"Ready To Serve, Long Grain & Wild Rice Chicken",2.49,"250 g, $1.20/100g",rice,Superstore
Thai Hom Mali Brown Jasmine Rice,5.99,"2 kg, $0.35/100g",rice,Superstore
"Rice, Pure Steamed Basmati",2.49,"250 g, $1.19/100g",rice,Superstore
Pure Original Basmati Rice,6.99,"907 g, $0.77/100g",rice,Superstore
Chicken Flavour Rice & Vermicelli Mix with Chicken Broth & Herbs,2.19,"227 g, $0.96/100g",rice,Superstore
Basmati Rice,9.99,"1.6 kg, $0.62/100g",rice,Superstore
Jasmine,2.49,"125 g, $1.20/100g",rice,Superstore
Jasmine World Classics,10.49,"1.6 kg, $0.69/100g",rice,Superstore
Side Dishes Mexican Rice ,2.29,"150 g, $1.53/100g",rice,Superstore
Rice Basmati Format Maxi,12.49,"1.6 kg, $0.81/100g",rice,Superstore
CONVERTED Long Grain Parboiled Rice,13.99,"4 kg, $0.35/100g",rice,Superstore
Royal Long Grain Rice,4.79,"900 g, $0.55/100g",rice,Superstore
Wholegrain Basmati Rice,11.99,"1.81 kg, $0.66/100g",rice,Superstore
Brown Rice,9.49,"2 kg, $0.47/100g",rice,Superstore
Side Dish Basmati Rice,3.29,"250 g, $1.32/100g",rice,Superstore
Mexican Rice,4.19,"226 g, $1.85/100g",rice,Superstore
BISTRO EXPRESS Jasmine Rice Side Dish Family Size Pouch,4.99,"490 g, $1.02/100g",rice,Superstore
Golden Phoenix Thai Jasmine Rice,22.99,"8 kg, $0.28/100g",rice,Superstore
Thai Hom Mali Brown Jasmine Rice,11.99,"4.54 kg, $0.29/100g",rice,Superstore
BISTRO EXPRESS Mexican Style Rice Family Size,4.99,"0.49 kg, $1.02/100g",rice,Superstore
"Steamed Basmati Rice, Wholegrain",2.49,"250 g, $1.19/100g",rice,Superstore
Brown Basmati Rice,6.99,"1.81 kg, $0.39/100g",rice,Superstore
FAST & FANCY Chinese Style Fried Rice,1.50,"132 g, $1.51/100g",rice,Superstore
Whole Grain Instant Brown Rice,6.29,"1.2 kg, $0.52/100g",rice,Superstore
Organic Brown Basmati Rice,7.49,"908 g, $0.82/100g",rice,Superstore
Calrose Rice,17.99,"6.8 kg, $0.32/100g",rice,Superstore
Quick Cook Long Grain Rice,9.99,"1.6 kg, $0.62/100g",rice,Superstore
Lime & Cilantro Basmati Rice,2.49,"250 g, $1.19/100g",rice,Superstore
Jasmine Rice,12.49,"1.6 kg, $0.81/100g",rice,Superstore
Jasmine Rice ,3.29,"250 g, $1.32/100g",rice,Superstore
"Fried Rice, Chicken",2.49,"350 g, $0.71/100g",rice,Superstore
FAST & FANCY Garden Vegetable Style Rice,1.50,"132 g, $1.51/100g",rice,Superstore
BISTRO EXPRESS Creamy Cheddar Cheese Rice,3.79,"240 g, $1.58/100g",rice,Superstore
NATURAL SELECT Garlic & Butter Flavour Rice,4.99,"397 g, $1.26/100g",rice,Superstore
Kimora Calrose Rice,14.49,"1.6 kg, $0.94/100g",rice,Superstore
Bistro Express Rice Side Dish Spicy Mexican Style,3.79,"240 g, $1.58/100g",rice,Superstore
Organic Tomato & Roasted Garlic Flavour Brown & Wild Rice,3.99,"240 g, $1.66/100g",rice,Superstore
Rice Par-Boiled Long Grain,18.99,"8 kg, $0.24/100g",rice,Superstore
Sidekicks Rice & Vermicelli Country Mushroom ,2.29,"132 g, $1.73/100g",rice,Superstore
NATURAL SELECT Roasted Chicken Flavour & Wild Rice Side Dish,4.99,"365 g, $1.37/100g",rice,Superstore
NATURAL SELECT Mexican Style Rice Side Dish,4.99,"397 g, $1.26/100g",rice,Superstore
New Treasure Long Grain White Rice,8.99,"4 kg, $0.22/100g",rice,Superstore
Aged Basmati Rice,6.99,"1.81 kg, $0.39/100g",rice,Superstore
Long Grain Instant Rice,11.49,"2.6 kg, $0.44/100g",rice,Superstore
Jasmine White Scented Rice,24.99,"8 kg, $0.37/100g",rice,Superstore
Premium Rice,12.49,"2.26 kg, $0.55/100g",rice,Superstore
Parboiled Rice,8.99,"4 kg, $0.22/100g",rice,Superstore
"Basmati Rice, Brown",17.99,"4.54 kg, $0.40/100g",rice,Superstore
Basmati Rice,12.49,"1.6 kg, $0.81/100g",rice,Superstore
New Treasure Long Grain Patna Rice,18.99,"8 kg, $0.24/100g",rice,Superstore
Extra Fancy Long Grain Rice,42.49,"18 kg, $0.24/100g",rice,Superstore
Asian Dragon Sweet Rice,7.99,"2 kg, $0.35/100g",rice,Superstore
Pure Basmati Rice,17.99,"4 kg, $0.45/100g",rice,Superstore
Extra Fancy Long Grain White Rice Club Size,16.99,"8 kg, $0.21/100g",rice,Superstore
Side Dish Quinoa,3.29,"250 g, $1.32/100g",rice,Superstore
Rice Side Dish Risotto Creamy Mushroom,3.99,"240 g, $1.66/100g",rice,Superstore
Fully Cooked Rice White Rice,2.49,"250 g, $1.20/100g",rice,Superstore
Lentils And Quinoa Blend Whole Grain Brown Rice,3.29,"250 g, $1.32/100g",rice,Superstore
Whole Grain Brown Rice,5.49,"600 g, $0.92/100g",rice,Superstore
Lentils And Quinoa Blend Whole Grain Brown Rice,3.29,"250 g, $1.32/100g",rice,Superstore
Egyptian Rice Camolino,18.99,"4.534 kg, $0.42/100g",rice,Superstore
10 Medley Chinese Style Five Spice Rice Side Dish,3.99,"240 g, $1.66/100g",rice,Superstore
Brown Rice,12.29,"3.63 kg, $0.34/100g",rice,Superstore
Thai Jasmine Rice,34.99,"18.1 kg, $0.19/100g",rice,Superstore
"Basmati Rice Premium, case",16.99,"4.54 kg, $0.37/100g",rice,Superstore
Rice Cup Chicken Flavoured Fried Rice ,3.99,"73 g, $5.47/100g",rice,Superstore
Rice Calrose 4 kg,11.99,"4 kg, $0.32/100g",rice,Superstore
Basmati Rice,12.49,"3.63 kg, $0.34/100g",rice,Superstore
Medium Grain Calrose Rice,7.99,"2 kg, $0.40/100g",rice,Superstore
Fully Cooked Rice Fried Rice 2 Cups,2.49,"250 g, $1.20/100g",rice,Superstore
10 Medley Smoky Southwest Style Whole Grain Side Dish,3.99,"240 g, $1.66/100g",rice,Superstore
Thai Jasmine Rice,15.99,"8 kg, $0.20/100g",rice,Superstore
"Calrose Rice, Premium Sushi Rice  ",37.99,"18.1 kg, $0.24/100g",rice,Superstore
Basmati Rice,17.99,"4.545 kg, $0.40/100g",rice,Superstore
Rice Cup Delicious Mexican Rice And Beans ,3.99,"73 g, $5.47/100g",rice,Superstore
Whole Grain Blend With Quinoa & Barley,3.29,"250 g, $1.32/100g",rice,Superstore
Rice Long Grain,18.99,"8 kg, $0.24/100g",rice,Superstore
Freekeh Cracked,5.99,"0.907 kg, $0.66/100g",rice,Superstore
Rice,7.99,"2 kg, $0.45/100g",rice,Superstore
"NATURAL SELECT Roasted Olive Oil, Roasted Garlic Flavour & Wild Rice",4.99,"365 g, $1.37/100g",rice,Superstore
"Organic Cilantro and Lime Flavour Brown Jasmine Rice, Organic Food",3.99,"240 g, $1.66/100g",rice,Superstore
Creamy Sella Basmati Rice,17.99,"3.63 kg, $0.50/100g",rice,Superstore
BISTRO EXPRESS Tomato & Herb Rice,3.79,"250 g, $1.52/100g",rice,Superstore
Jasmine Rice,4.99,"460 g, $1.08/100g",rice,Superstore
Basmati Rice     ,17.99,"3.63 kg, $0.50/100g",rice,Superstore
Basmati Rice,7.99,"907 g, $0.88/100g",rice,Superstore
Bistro Express Rice Side Dish Tikka Masala Flavour,3.79,"240 g, $1.58/100g",rice,Superstore
BISTRO EXPRESS Jambalaya Style Rice,3.79,"240 g, $1.58/100g",rice,Superstore
Spicy Style Cheddar & Jalapeno Flavour Rice,3.79,"240 g, $1.58/100g",rice,Superstore
New Treasure Long Grain Parboiled Rice,18.99,"8 kg, $0.24/100g",rice,Superstore
Jasmine Rice Milagrosa,17.99,"8 kg, $0.22/100g",rice,Superstore
Long Grain Parboiled Rice,13.99,"4 kg, $0.35/100g",rice,Superstore
Jasmine,5.29,"500 g, $1.06/100g",rice,Superstore
Rice Cup 3 Cheese Mushroom Risotto ,3.99,"73 g, $5.47/100g",rice,Superstore
Organic Jasmine Rice,9.99,"2 kg, $0.50/100g",rice,Superstore
Rice Side Dish Risotto Roasted Garlic & Herb Flavour,3.99,"240 g, $1.66/100g",rice,Superstore
"Ready To Serve, Long Grain & Wild Rice Fine Herbs",2.49,"250 g, $1.20/100g",rice,Superstore
FAST & FANCY Homestyle Chicken Flavour & Wild Rice,1.50,"132 g, $1.51/100g",rice,Superstore
Organic Original Miso M1nute,5.49,"283 g, $1.94/100g",rice,Superstore
Glutinous Rice,15.99,"5 kg, $0.32/100g",rice,Superstore
Wild Rice,6.49,"250 g, $2.60/100g",rice,Superstore
Premium Basmati Rice,17.99,"4.54 kg, $0.40/100g",rice,Superstore
Long Grain Instant Rice,4.99,"700 g, $0.71/100g",rice,Superstore
Organic Pure Basmati Rice,7.49,"908 g, $0.82/100g",rice,Superstore
10 Medley Caribbean Style Rice Side Dish,3.99,"240 g, $1.66/100g",rice,Superstore
Indian Basmati Rice,11.99,"3.64 kg, $0.33/100g",rice,Superstore
10 Medley Caribbean Style Rice Side Dish,3.99,"240 g, $1.66/100g",rice,Superstore
Organic Jasmine Rice,3.99,"240 g, $1.66/100g",rice,Superstore
"Organic Brown and Red Rice With Chia and Kale, Rice Side Dish",3.99,"240 g, $1.66/100g",rice,Superstore
Two Dragons Jasmine Rice,17.99,"8 kg, $0.22/100g",rice,Superstore
Grand Extra Basmati Rice,17.99,"4.54 kg, $0.42/100g",rice,Superstore
Basmati Rice Everyday,12.99,"3.63 kg, $0.36/100g",rice,Superstore
BISTRO EXPRESS Basmati Lime and Cilantro Rice,3.79,"240 g, $1.58/100g",rice,Superstore
Brown Calrose Rice,7.99,"2.26 kg, $0.35/100g",rice,Superstore
Rice Superfino Arborio,5.99,"750 g, $0.80/100g",rice,Superstore
BISTRO EXPRESS Long Grain & Wild Rice Roasted Garlic,3.79,"250 g, $1.52/100g",rice,Superstore
Basmati Rice,21.99,"4.54 kg, $0.48/100g",rice,Superstore
BISTRO EXPRESS Pilaf Rice,3.79,"250 g, $1.52/100g",rice,Superstore
Quinoa and Brown Rice With Garlic Flavour,3.99,"240 g, $1.66/100g",rice,Superstore
Organic Basmati Rice,3.99,"240 g, $1.66/100g",rice,Superstore
Extra Fancy Long Grain Rice,16.99,"8 kg, $0.21/100g",rice,Superstore
Thai Sweet Rice,4.99,"2 kg, $0.30/100g",rice,Superstore
Thai Jasmine Rice,34.99,"18.1 kg, $0.21/100g",rice,Superstore
Premium Calrose Rice,36.99,"10 kg, $0.37/100g",rice,Superstore
Bulgur & Quinoa Blend,3.29,"225 g, $1.46/100g",rice,Superstore
Basmati,5.29,"500 g, $1.06/100g",rice,Superstore
Basmati Rice,15.48,"4.54 kg, $0.34/100g",rice,Superstore
BISTRO EXPRESS Basmati Rice Side Dish,4.99,"490 g, $1.02/100g",rice,Superstore
California Brown Rice,5.49,"907 g, $0.77/100g",rice,Superstore
Two Dragons Jasmine Rice,37.99,"18.1 kg, $0.21/100g",rice,Superstore
Italian Style Rice,4.49,"750 g, $0.60/100g",rice,Superstore
Black Glutinous Rice,7.99,"2 kg, $0.45/100g",rice,Superstore
Thai Sweet Rice,11.99,"4.54 kg, $0.33/100g",rice,Superstore
FAST & FANCY Broccoli & Cheddar Flavour Rice,1.50,"132 g, $1.51/100g",rice,Superstore
Basmati Rice,12.49,"1.8 kg, $0.69/100g",rice,Superstore
Extra Long Basmati Rice,19.99,"4 kg, $0.50/100g",rice,Superstore
CONVERTED Long Grain Parboiled White Rice,5.99,"907 g, $0.66/100g",rice,Superstore
Brown Rice,18.99,"6.8 kg, $0.32/100g",rice,Superstore
Sticky Brown Rice,3.99,"750 g, $0.53/100g",rice,Superstore
Premium Basmati Rice,13.49,"4.54 kg, $0.30/100g",rice,Superstore
BISTRO EXPRESS Vegetable Medley Rice Family Size Side Dish,4.99,"490 g, $1.02/100g",rice,Superstore
Rice Fragrant,23.99,"7 kg, $0.40/100g",rice,Superstore
Whole Grain Instant Brown Rice,4.99,"600 g, $0.83/100g",rice,Superstore
Fried Rice Flavour Rice & Vermicelli Mix with Seasonings,2.19,"177 g, $1.24/100g",rice,Superstore
Rice Side Dish Risotto Cheese Flavour,3.99,"240 g, $1.66/100g",rice,Superstore
Yellow Rice,4.19,"226 g, $1.85/100g",rice,Superstore
Whole Grain Brown Rice,8.99,"2.2 kg, $0.45/100g",rice,Superstore
Organic Quinoa & Brown Rice With Sea Salt,3.99,"240 g, $1.66/100g",rice,Superstore
NATURAL SELECT Parmesan & Butter Flavour Rice,4.99,"397 g, $1.26/100g",rice,Superstore
BISTRO EXPRESS Basmati Coconut Rice,3.79,"240 g, $1.58/100g",rice,Superstore
Spicy Style Korean BBQ Cheddar & Jalapeno Rice,3.79,"240 g, $1.58/100g",rice,Superstore
BISTRO EXPRESS CONVERTED Long Grain Parboiled White Rice,3.79,"250 g, $1.52/100g",rice,Superstore
Brown Format Maxi Whole Grain Rice,9.49,"1.6 kg, $0.62/100g",rice,Superstore
Rice and Pulses Southwest Style Brown Rice & Black Beans,3.79,"240 g, $1.58/100g",rice,Superstore
Organic Quinoa & Brown Rice With Sea Salt,3.99,"240 g, $1.66/100g",rice,Superstore
Quinoa Grains,5.49,"907 g, $0.61/100g",rice,Superstore
NATURAL SELECT Parmesan & Butter Flavour Rice,4.99,"397 g, $1.26/100g",rice,Superstore
Medium Grain Calrose Brown Rice,17.99,"8 kg, $0.22/100g",rice,Superstore
Thai Jasmine Rice,22.49,"8 kg, $0.28/100g",rice,Superstore
Aged Basmati Rice,54.99,"18 kg, $0.31/100g",rice,Superstore
Long Grain Parboiled Rice,48.99,"18.1 kg, $0.27/100g",rice,Superstore
Calrose Rice ,16.99,"6.8 kg, $0.26/100g",rice,Superstore
Basmati Rice,16.99,"4 kg, $0.42/100g",rice,Superstore
Steamed Basmati Rice Sweet Chili & Lime,2.49,"250 g, $1.19/100g",rice,Superstore
"a New Orleans Tradition, Jambalaya Mix",2.99,"227 g, $1.32/100g",rice,Superstore
Whole Grain Brown Rice,4.97,"1.2 kg, $0.57/100g",rice,Superstore
Rice Long Grain,4.49,"2 kg, $0.26/100g",rice,Superstore
"Ready To Serve Rice, Vegetable Medley",2.49,"250 g, $1.20/100g",rice,Superstore
Millet,8.99,"2 kg, $0.45/100g",rice,Superstore
Legendary Rice Coconut Basmati Rice,2.49,"250 g, $1.19/100g",rice,Superstore
Side Dish Brown Rice,3.29,"250 g, $1.32/100g",rice,Superstore
Rice Par Boiled Long Grain,5.49,"2 kg, $0.32/100g",rice,Superstore
"Golden Phoenix, Thai Jasmine Rice",8.99,"2.27 kg, $0.40/100g",rice,Superstore
Whole Grain Brown Rice,5.99,"907 g, $0.66/100g",rice,Superstore
Brown Rice,9.99,"2 kg, $0.50/100g",rice,Superstore
Instant Rice,3.99,"350 g, $1.14/100g",rice,Superstore
"Basmati Rice, case",19.99,"4.54 kg, $0.44/100g",rice,Superstore
Medium Grain Calrose Rice,32.99,"18 kg, $0.18/100g",rice,Superstore
Red Cargo Rice,6.99,"2 kg, $0.42/100g",rice,Superstore
Roasted Garlic & Herb Quinoa,4.29,"225 g, $1.91/100g",rice,Superstore
10 Medley Tomato & Herb Rice Side Dish,3.99,"240 g, $1.66/100g",rice,Superstore
Organic Mixed Thai Rice,12.49,"2 kg, $0.62/100g",rice,Superstore
FAST & FANCY Country Chicken Flavour Rice,1.50,"132 g, $1.51/100g",rice,Superstore
NATURAL SELECT Chicken & Herb Flavour Rice,4.99,"397 g, $1.26/100g",rice,Superstore
NATURAL SELECT Spanish Style Rice,4.99,"397 g, $1.26/100g",rice,Superstore
Jasmine Rice,35.99,"18 kg, $0.20/100g",rice,Superstore
Rice and Pulses Smokey Flavour Red Beans and Rice,3.79,"240 g, $1.58/100g",rice,Superstore
Basmati Rice,4.99,"400 g, $1.25/100g",rice,Superstore
Basmati Rice,11.49,"1.81 kg, $0.63/100g",rice,Superstore
Thai Jasmine Rice,19.99,"8.2 kg, $0.24/100g",rice,Superstore
Vegetable Quinoa,4.29,"225 g, $1.91/100g",rice,Superstore
Priya Basmati Rice,14.99,"3.63 kg, $0.41/100g",rice,Superstore
"Pure Basmati Rice, Bag",11.99,"1.81 kg, $0.66/100g",rice,Superstore
Sliced Strawberries,3.99,"600 g, $0.67/100g",FrozenFruit,Superstore
Broccoli Florets,3.49,"500 g, $0.70/100g",FrozenFruit,Superstore
Blueberries Cultivated,3.99,"600 g, $0.67/100g",FrozenFruit,Superstore
Green Peas,2.59,"750 g, $0.35/100g",FrozenFruit,Superstore
Frozen Red Raspberries,3.99,"300 g, $1.33/100g",FrozenFruit,Superstore
Mango Chunks ,3.99,"600 g, $0.67/100g",FrozenFruit,Superstore
Chopped Spinach,1.49,"300 g, $0.50/100g",FrozenFruit,Superstore
Naturally Imperfect Frozen Berry Blend,14.00,"2 kg, $0.70/100g",FrozenFruit,Superstore
Edamame,3.49,"500 g, $0.70/100g",FrozenFruit,Superstore
Whole Kernel Corn,2.59,"750 g, $0.35/100g",FrozenFruit,Superstore
Mixed Vegetables,2.59,"750 g, $0.35/100g",FrozenFruit,Superstore
Canadian Wild Blueberries,3.99,"400 g, $1.00/100g",FrozenFruit,Superstore
Pitted Dark Sweet Cherries ,3.99,"600 g, $0.67/100g",FrozenFruit,Superstore
Frozen 4-Berry Blend,3.99,"500 g, $0.80/100g",FrozenFruit,Superstore
Peaches & Cream Corn ,3.49,"750 g, $0.47/100g",FrozenFruit,Superstore
Petite Pois Small Sweet Peas,3.49,"750 g, $0.47/100g",FrozenFruit,Superstore
Summer Sweet Peas,3.50,"750 g, $0.60/100g",FrozenFruit,Superstore
"Dark Sweet Cherries, Blueberries and Blackberries Power Fruit Blend ",3.99,"600 g, $0.67/100g",FrozenFruit,Superstore
"Peaches, Strawberries, Pineapple & Mango 4-Fruit Blend",3.99,"600 g, $0.67/100g",FrozenFruit,Superstore
Peaches N Cream Corn,3.50,"750 g, $0.60/100g",FrozenFruit,Superstore
"Pineapple, Dragon Fruit & Passion Fruit Tropical Fruit Blend",3.99,"500 g, $0.80/100g",FrozenFruit,Superstore
Extra Fine Whole Green Beans ,3.49,"500 g, $0.70/100g",FrozenFruit,Superstore
"Mangoes, Strawberries & Peaches Fruit Blend",3.99,"600 g, $0.67/100g",FrozenFruit,Superstore
Peas Tender Young,3.50,"750 g, $0.60/100g",FrozenFruit,Superstore
Peas and Carrots,2.59,"750 g, $0.35/100g",FrozenFruit,Superstore
Blueberries,14.00,"2 kg, $0.70/100g",FrozenFruit,Superstore
Naturally Imperfect Sliced Strawberries,3.00,"400 g, $0.75/100g",FrozenFruit,Superstore
"Strawberries, Raspberries, Blackberries & Blueberries 4-Berry Blend, Club Size",15.49,"2 kg, $0.77/100g",FrozenFruit,Superstore
Cinnamon Sugar Pineapple Skewers,5.00,"300 g, $1.67/100g",FrozenFruit,Superstore
Mixed Vegetables,6.29,"2 kg, $0.31/100g",FrozenFruit,Superstore
Wild Blueberries,15.49,"1.5 kg, $1.03/100g",FrozenFruit,Superstore
Pineapple Chunks,3.99,"600 g, $0.67/100g",FrozenFruit,Superstore
California Blend Mixed Vegetables,2.59,"750 g, $0.35/100g",FrozenFruit,Superstore
"Green Peas, Club Size",6.29,"2 kg, $0.31/100g",FrozenFruit,Superstore
Baby Brussels Sprouts ,3.49,"500 g, $0.70/100g",FrozenFruit,Superstore
Sliced Peaches,3.99,"600 g, $0.67/100g",FrozenFruit,Superstore
Cauliflower Florets,3.49,"500 g, $0.70/100g",FrozenFruit,Superstore
Banana - Sliced,3.99,"600 g, $0.67/100g",FrozenFruit,Superstore
Whole Green Beans,2.59,"750 g, $0.35/100g",FrozenFruit,Superstore
"Broccoli Florets, Club Size ",9.99,"1.75 kg, $0.57/100g",FrozenFruit,Superstore
Avocado Chunks,3.99,"400 g, $1.00/100g",FrozenFruit,Superstore
Butternut Squash Chunks ,3.49,"750 g, $0.47/100g",FrozenFruit,Superstore
Whole Strawberries,14.00,"2 kg, $0.70/100g",FrozenFruit,Superstore
Chopped Spinach,3.49,"500 g, $0.70/100g",FrozenFruit,Superstore
Chili Lime Pineapple Skewers ,5.00,"300 g, $1.67/100g",FrozenFruit,Superstore
Naturally Imperfect Mango Chunks,3.00,"400 g, $0.75/100g",FrozenFruit,Superstore
Naturally Imperfect Mango,14.00,"2 kg, $0.70/100g",FrozenFruit,Superstore
Mixed Garden Vegetables,2.59,"750 g, $0.35/100g",FrozenFruit,Superstore
Chopped Kale,3.49,"500 g, $0.70/100g",FrozenFruit,Superstore
Cultivated Highbush Blueberries Club Size,18.99,"1.5 kg, $1.27/100g",FrozenFruit,Superstore
Organic Edamame In Shell,5.49,"500 g, $1.10/100g",FrozenFruit,Superstore
Vegan Buffalo Cauliflower Wings,6.99,"375 g, $2.13/100g",FrozenFruit,Superstore
Organic Green Peas,5.49,"500 g, $1.10/100g",FrozenFruit,Superstore
Green Mango Unripe Mango,1.99,"300 g, $0.66/100g",FrozenFruit,Superstore
Valley Selections Baby Blend,3.50,"400 g, $1.20/100g",FrozenFruit,Superstore
Smoothie Cubes Asana,10.49,"405 g, $2.59/100g",FrozenFruit,Superstore
Tropical Green Power Smoothie Packs,17.99,"1.36 kg, $1.32/100g",FrozenFruit,Superstore
Frozen Cut Molokhia,2.49,"400 g, $0.62/100g",FrozenFruit,Superstore
Horseradish Leaves,1.99,"227 g, $0.88/100g",FrozenFruit,Superstore
Riced Cauliflower,5.49,"500 g, $1.10/100g",FrozenFruit,Superstore
Organic Broccoli Florets,5.49,"500 g, $1.10/100g",FrozenFruit,Superstore
"Sliced Okra, Bhindi",4.00,"1 kg, $0.40/100g",FrozenFruit,Superstore
Cauliflower,5.49,"500 g, $1.10/100g",FrozenFruit,Superstore
Smoothie Cubes Samouraï,10.49,"405 g, $2.59/100g",FrozenFruit,Superstore
Garlic Parmesan Green Beans,5.29,"340 g, $1.56/100g",FrozenFruit,Superstore
"Naturally Imperfect Strawberries, Banana, and Blueberries Fruit Blend",3.00,"400 g, $0.75/100g",FrozenFruit,Superstore
"Valley Selections Essentials, Antioxidant Italian Blend",3.50,"400 g, $1.20/100g",FrozenFruit,Superstore
Simply Steam Cut Broccoli & Cauliflower with Cheese Sauce,2.99,"250 g, $1.20/100g",FrozenFruit,Superstore
Pigeon Peas,1.59,"300 g, $0.66/100g",FrozenFruit,Superstore
Pepper Leaves     ,1.99,"227 g, $0.88/100g",FrozenFruit,Superstore
Fruit Blend ,14.00,"2 kg, $0.70/100g",FrozenFruit,Superstore
Frozen Coconut Chunks,4.59,"600 g, $0.77/100g",FrozenFruit,Superstore
"Organic Frozen Strawberries, Club Pack",18.99,"1.5 kg, $1.27/100g",FrozenFruit,Superstore
Smoothie Cubes Yogi    ,10.49,"405 g, $2.59/100g",FrozenFruit,Superstore
Organic Mango Chunks,8.49,"600 g, $1.42/100g",FrozenFruit,Superstore
Whole Kernel Corn Niblets,3.50,"750 g, $0.60/100g",FrozenFruit,Superstore
"Baby Brussels Sprouts, Club Size",9.99,"1.75 kg, $0.57/100g",FrozenFruit,Superstore
Diced Vegetable Mix,2.59,"750 g, $0.35/100g",FrozenFruit,Superstore
Smoothie Pops Strawberry Mango,7.49,"250 ml, $3.00/100ml",FrozenFruit,Superstore
"Valley Selections Essentials, California Blend",3.50,"500 g, $0.96/100g",FrozenFruit,Superstore
Vegetable Medley ,3.49,"750 g, $0.47/100g",FrozenFruit,Superstore
Grilled Ready Veggie Eggplant,3.49,"500 g, $0.70/100g",FrozenFruit,Superstore
Arctic Gardens Broccoli Florets,10.49,"1.25 kg, $0.84/100g",FrozenFruit,Superstore
Arctic Gardens Green Beans,10.49,"1.5 kg, $0.70/100g",FrozenFruit,Superstore
Smoothie Cubes Saphir,10.49,"405 g, $2.59/100g",FrozenFruit,Superstore
Valley Selections Stir Fry Medley,3.50,"400 g, $1.20/100g",FrozenFruit,Superstore
Okra Rings,1.59,"300 g, $0.60/100g",FrozenFruit,Superstore
"Sliced Karela, Bitter Gourd ",3.29,"500 g, $0.66/100g",FrozenFruit,Superstore
Blueberries Cultivated,15.49,"2 kg, $0.77/100g",FrozenFruit,Superstore
Smoothie Cubes Viva,10.49,"405 g, $2.59/100g",FrozenFruit,Superstore
1-Step Smoothie Daily Defen-C Organic,10.49,"360 g, $2.91/100g",FrozenFruit,Superstore
Valley Selections Cut Broccoli,3.50,"500 g, $0.96/100g",FrozenFruit,Superstore
Bean & Carrot Medley,3.50,"500 g, $0.96/100g",FrozenFruit,Superstore
"Naturally Imperfect Pineapple, Strawberries & Mango Fruit Blend",3.00,"400 g, $0.75/100g",FrozenFruit,Superstore
Smoothie Cubes Sunrize Strawberry & Peach Lemonade,10.49,"405 g, $2.59/100g",FrozenFruit,Superstore
Frozen Saba Banana,5.99,"600 g, $1.00/100g",FrozenFruit,Superstore
"Pub Style Chicken Strips, Fully Cooked",10.99,"700 g, $1.57/100g",FrozenMeat_Seafood,Superstore
Thick & Juicy™ Prime Rib Beef Burger,14.00,"1.13 kg, $1.24/100g",FrozenMeat_Seafood,Superstore
"Pacific White Shrimp Raw Peeled, Large",10.99,"400 g, $2.75/100g",FrozenMeat_Seafood,Superstore
Thick & Juicy™ Sirloin Beef Burgers ,14.00,"1.13 kg, $1.24/100g",FrozenMeat_Seafood,Superstore
"Pub Style Chicken Nugget, Fully Cooked",10.99,"700 g, $1.57/100g",FrozenMeat_Seafood,Superstore
"Pub Style Chicken Burger, Fully Cooked",10.99,"700 g, $1.57/100g",FrozenMeat_Seafood,Superstore
Pacific White Shrimp Cooked Peeled,10.99,"400 g, $2.75/100g",FrozenMeat_Seafood,Superstore
Pacific White Shrimp Raw 16-20/LB,7.49,"300 g, $2.50/100g",FrozenMeat_Seafood,Superstore
Free From Angus Beef Burger,14.00,"1.02 kg, $1.37/100g",FrozenMeat_Seafood,Superstore
Buttermilk Chicken Breast Pieces,10.00,"1.2 kg, $0.83/100g",FrozenMeat_Seafood,Superstore
Thick & Juicy™ Beef Burgers  ,14.00,"1.36 kg, $1.03/100g",FrozenMeat_Seafood,Superstore
Chicken Strips,10.00,"1.5 kg, $0.67/100g",FrozenMeat_Seafood,Superstore
Thick & Juicy™ Chicken Burgers ,13.00,"1.13 kg, $1.15/100g",FrozenMeat_Seafood,Superstore
"Popcorn Chicken, Fully Cooked",10.99,"700 g, $1.57/100g",FrozenMeat_Seafood,Superstore
Pork Belly Burnt Ends,14.00,"500 g, $2.80/100g",FrozenMeat_Seafood,Superstore
Beef Burger 4 Oz,12.00,"1.36 kg, $0.88/100g",FrozenMeat_Seafood,Superstore
Lean Ground Beef Uncooked,10.00,"1.1 kg, $0.91/100g",FrozenMeat_Seafood,Superstore
Chicken Nuggets,10.00,"1.5 kg, $0.67/100g",FrozenMeat_Seafood,Superstore
"Pub Style Chicken Fries, Fully Cooked",10.99,"700 g, $1.57/100g",FrozenMeat_Seafood,Superstore
"Pub Recipe Chicken Strips, Fully Cooked",7.00,"700 g, $1.00/100g",FrozenMeat_Seafood,Superstore
Sirloin Beef Burger,14.00,"1.02 kg, $1.37/100g",FrozenMeat_Seafood,Superstore
The Ultimate Canadiana Burger,14.00,"852 g, $1.64/100g",FrozenMeat_Seafood,Superstore
"Chicken Wings, Crisp & Crunchy Mild Southern-Style ",14.99,"907 g, $1.65/100g",FrozenMeat_Seafood,Superstore
Wagyu Beef Burgers,12.00,"568 g, $2.11/100g",FrozenMeat_Seafood,Superstore
Lean Beef Burgers  ,14.00,"1.13 kg, $1.24/100g",FrozenMeat_Seafood,Superstore
Angus Burger,14.00,"1.02 kg, $1.37/100g",FrozenMeat_Seafood,Superstore
Gluten Free Chicken Strips,7.00,"600 g, $1.17/100g",FrozenMeat_Seafood,Superstore
Tom Kha Butterflied Black Tiger Shrimp,15.00,"360 g, $4.17/100g",FrozenMeat_Seafood,Superstore
English Style Battered Fillets,6.88,"500 g, $1.90/100g",FrozenMeat_Seafood,Superstore
"Fish Sticks, Family Pack",6.88,"700 g, $1.36/100g",FrozenMeat_Seafood,Superstore
"Family Favourites Beer Battered Fish Fillets, Uncooked",6.88,"500 g, $1.90/100g",FrozenMeat_Seafood,Superstore
"Chicken Fries, Fully Cooked",10.00,"1.5 kg, $0.67/100g",FrozenMeat_Seafood,Superstore
"Thick & Crispy Breaded Chicken Burgers, Fully Cooked",7.00,"700 g, $1.00/100g",FrozenMeat_Seafood,Superstore
Breaded Chicken Cutlettes Chicken Strips,6.00,"908 g, $0.66/100g",FrozenMeat_Seafood,Superstore
Italian Meatballs,10.00,"1.5 kg, $0.67/100g",FrozenMeat_Seafood,Superstore
"Pub Recipe Chicken Nuggets, Fully Cooked",7.00,"700 g, $1.00/100g",FrozenMeat_Seafood,Superstore
"Fish In Tempura Batter, Family Pack",6.88,"700 g, $1.36/100g",FrozenMeat_Seafood,Superstore
Breaded Chicken Burger,10.00,"1.5 kg, $0.67/100g",FrozenMeat_Seafood,Superstore
Chicken Swiss,10.00,"994 g, $1.01/100g",FrozenMeat_Seafood,Superstore
"Fully Cooked, Breaded Chicken Nuggets Cutlettes",6.00,"908 g, $0.66/100g",FrozenMeat_Seafood,Superstore
"Fully Cooked Pork Back Ribs, Smokin Stampede",10.99,"500 g, $2.20/100g",FrozenMeat_Seafood,Superstore
Chicken Breast Fillets,16.99,"720 g, $2.36/100g",FrozenMeat_Seafood,Superstore
Frozen Grade A Turkey 7-9 Kg,61.52,$7.69/1kg $3.49/1lb,FrozenMeat_Seafood,Superstore
Ocean Perch,12.29,$8.80/1kg $3.99/1lb,FrozenMeat_Seafood,Superstore
Thai Basil Shrimp Spring Rolls,10.99,"294 g, $3.74/100g",FrozenMeat_Seafood,Superstore
Italian Meatballs,9.99,"680 g, $1.47/100g",FrozenMeat_Seafood,Superstore
Chicken Mini Cutlettes Breaded ,8.99,"1 kg, $0.90/100g",FrozenMeat_Seafood,Superstore
Shrimp Cakes,7.99,"170 g, $4.70/100g",FrozenMeat_Seafood,Superstore
Shrimp Cakes,7.99,"170 g, $4.70/100g",FrozenMeat_Seafood,Superstore
Wild Caught Argentinian Shrimp,9.99,"300 g, $3.33/100g",FrozenMeat_Seafood,Superstore
Boneless Pork Bites,6.99,"400 g, $1.75/100g",FrozenMeat_Seafood,Superstore
Too Good To Be Wings Maple Barbecue Boneless Coated Chicken Breast Chunks,14.99,"800 g, $1.87/100g",FrozenMeat_Seafood,Superstore
Creamy Dill Chicken Breast Bites,10.94,"700 g, $2.28/100g",FrozenMeat_Seafood,Superstore
Butterfly Shrimp,6.88,"330 g, $3.03/100g",FrozenMeat_Seafood,Superstore
Breaded Butterflied Shrimp ,11.99,"400 g, $3.00/100g",FrozenMeat_Seafood,Superstore
Atlantic Salmon Skinless Boneless,8.99,"454 g, $1.98/100g",FrozenMeat_Seafood,Superstore
"Frozen Utility Turkey, 11kg and up",108.43,$7.03/1kg $3.19/1lb,FrozenMeat_Seafood,Superstore
Pacific White Shrimp,6.99,"300 g, $2.33/100g",FrozenMeat_Seafood,Superstore
"Fish In Tempura Batter, Haddock",6.88,"350 g, $2.71/100g",FrozenMeat_Seafood,Superstore
Organics Cooked Black Tiger Shrimp,20.00,"340 g, $5.88/100g",FrozenMeat_Seafood,Superstore
"Frozen Utility Turkey, 3-5kg",31.07,$7.03/1kg $3.19/1lb,FrozenMeat_Seafood,Superstore
Halal Chicken Nuggets,10.00,"840 g, $1.19/100g",FrozenMeat_Seafood,Superstore
Chicken Wings Honey & Garlic Flavoured,15.99,"780 g, $2.05/100g",FrozenMeat_Seafood,Superstore
"Pub Recipe Chicken Strips, Fully Cooked, Club Size",10.99,"1.4 kg, $0.79/100g",FrozenMeat_Seafood,Superstore
"Lamb Leg Short Cut, Frozen",36.96,$16.07/1kg $7.29/1lb,FrozenMeat_Seafood,Superstore
Jerk Chicken Wings,14.99,"907 g, $1.65/100g",FrozenMeat_Seafood,Superstore
Honey Barbecue Pork Back Ribs,12.99,"680 g, $1.91/100g",FrozenMeat_Seafood,Superstore
Crispy Shrimp Fine Hors D'Oeuvre Trio,8.99,"528 g, $1.70/100g",FrozenMeat_Seafood,Superstore
Prime Rib Beef Burger,18.99,"1.02 kg, $1.86/100g",FrozenMeat_Seafood,Superstore
Scottish Atlantic Salmon Peat-Smoked ,8.99,"150 g, $5.99/100g",FrozenMeat_Seafood,Superstore
English Style Chips & Fish,6.88,"550 g, $1.73/100g",FrozenMeat_Seafood,Superstore
Kalbi Beef Short Ribs,14.00,"500 g, $2.80/100g",FrozenMeat_Seafood,Superstore
Sirloin Beef Meatballs,16.99,"907 g, $1.87/100g",FrozenMeat_Seafood,Superstore
"Salmon Sashimi, Frozen",7.99,"100 g, $7.99/100g",FrozenMeat_Seafood,Superstore
Halal Chicken Strips,10.00,"840 g, $1.19/100g",FrozenMeat_Seafood,Superstore
Club Pack Fully Cooked Buttermilk Chicken Breast Fillets,32.99,"1.81 kg, $1.82/100g",FrozenMeat_Seafood,Superstore
"Chicken Legs, Club Pack",17.99,"2 kg, $0.90/100g",FrozenMeat_Seafood,Superstore
"Chicken Stuffed with Ham & Mozzarella, Raised Without Antibiotics",16.99,"568 g, $2.99/100g",FrozenMeat_Seafood,Superstore
Homestyle Stuffing,7.29,"900 g, $0.81/100g",FrozenMeat_Seafood,Superstore
Montana's Texan BBQ Ribs,13.99,"650 g, $2.15/100g",FrozenMeat_Seafood,Superstore
Chicken Cutlettes Breaded,8.99,"1 kg, $0.90/100g",FrozenMeat_Seafood,Superstore
Popcorn Chicken Bites,10.00,"1.13 kg, $0.88/100g",FrozenMeat_Seafood,Superstore
Crispy Calamari,6.49,"300 g, $2.16/100g",FrozenMeat_Seafood,Superstore
"Pan Sear Selects, Haddock Roasted Garlic",16.99,"500 g, $3.40/100g",FrozenMeat_Seafood,Superstore
Free From Bison Burgers,14.00,"512 g, $2.73/100g",FrozenMeat_Seafood,Superstore
Smoked Salmon Flavoured Dip,4.99,"198 g, $2.52/100g",FrozenMeat_Seafood,Superstore
Boneless Chicken Bites Buffalo,16.99,"710 g, $2.39/100g",FrozenMeat_Seafood,Superstore
Honey Garlic Pork Tenderloin,12.99,"680 g, $1.91/100g",FrozenMeat_Seafood,Superstore
"Beef Burgers, Fully Cooked",34.99,"2.27 kg, $1.54/100g",FrozenMeat_Seafood,Superstore
Free From Short Cut Leg Australian Lamb,60.78,$22.02/1kg $9.99/1lb,FrozenMeat_Seafood,Superstore
Bone in Lamb Stew,27.99,"1.25 kg, $2.24/100g",FrozenMeat_Seafood,Superstore
"Stuffed Breaded Chicken Breasts, Ham & Cheese",4.99,"284 g, $1.76/100g",FrozenMeat_Seafood,Superstore
Stuffed Chicken with Jalapeno & Cheese,4.99,"284 g, $1.76/100g",FrozenMeat_Seafood,Superstore
"Boneless Chicken Bites, Honey Garlic",16.99,"710 g, $2.39/100g",FrozenMeat_Seafood,Superstore
Wild Sockeye Salmon Burger,13.99,"568 g, $2.46/100g",FrozenMeat_Seafood,Superstore
Uncooked Stuffed Breaded Chicken Breast Cutlettes Parmesan,4.99,"284 g, $1.76/100g",FrozenMeat_Seafood,Superstore
"European Sea Bream, Whole",15.11,$29.74/1kg $13.49/1lb,FrozenMeat_Seafood,Superstore
"Turkey 3-5KG, Frozen",18.00,"1 ea, $18.00/1ea",FrozenMeat_Seafood,Superstore
Oak-Smoked Citrus and Gin Scottish Atlantic Salmon,10.99,"125 g, $8.79/100g",FrozenMeat_Seafood,Superstore
Nashville Breaded Chicken Bites,14.99,"700 g, $2.14/100g",FrozenMeat_Seafood,Superstore
Italian Chicken Meatballs,16.99,"850 g, $2.00/100g",FrozenMeat_Seafood,Superstore
"Beef Burgers, Fully Cooked",34.99,"2.27 kg, $1.54/100g",FrozenMeat_Seafood,Superstore
"Turkey, 5-7KG Frozen",24.00,"1 ea, $24.00/1ea",FrozenMeat_Seafood,Superstore
Smoked Wild Sockeye Salmon,10.00,"200 g, $5.00/100g",FrozenMeat_Seafood,Superstore
Bacon-Wrapped Wild Sea Scallops,15.99,"260 g, $6.15/100g",FrozenMeat_Seafood,Superstore
"BBQ Salmon Tips, Previously Frozen",7.11,$31.95/1kg $14.50/1lb,FrozenMeat_Seafood,Superstore
Chicken Breast Strips,16.99,"750 g, $2.27/100g",FrozenMeat_Seafood,Superstore
Tempura Torpedo Shrimp With Sweet Soy Dipping Sauce,11.99,"340 g, $3.53/100g",FrozenMeat_Seafood,Superstore
Gluten Free Chicken Nuggets,7.00,"600 g, $1.17/100g",FrozenMeat_Seafood,Superstore
Kofta Beef Meatballs,9.00,"454 g, $1.98/100g",FrozenMeat_Seafood,Superstore
Wild-Caught Sockeye Salmon Burgers,12.99,"568 g, $2.29/100g",FrozenMeat_Seafood,Superstore
Breakfast Sausage,10.00,"1.2 kg, $0.83/100g",FrozenMeat_Seafood,Superstore
Haddock & Hops Battered Wild Haddock Fillets,15.99,"550 g, $2.91/100g",FrozenMeat_Seafood,Superstore
Wild Smoked Pink Salmon Boneless,12.99,"454 g, $2.86/100g",FrozenMeat_Seafood,Superstore
Breaded Chicken Burger,8.99,"1 kg, $0.90/100g",FrozenMeat_Seafood,Superstore
"Free from Butter Infused Turkey  5-7 Kg, Frozen",40.00,"1 ea, $40.00/1ea",FrozenMeat_Seafood,Superstore
Swedish Meatballs,10.00,"1.5 kg, $0.67/100g",FrozenMeat_Seafood,Superstore
Shrimp Skewers Plain 4-pack,6.79,"220 g, $3.09/100g",FrozenMeat_Seafood,Superstore
Lime and Chili Grilling Raw Shrimp Skewers,11.99,"360 g, $3.33/100g",FrozenMeat_Seafood,Superstore
Lamb Rack Frenched Frozen,23.42,$48.48/1kg $22.00/1lb,FrozenMeat_Seafood,Superstore
Free From Chicken Breasts,22.99,"680 g, $3.38/100g",FrozenMeat_Seafood,Superstore
Free From Turkey Meatballs,16.99,"800 g, $2.12/100g",FrozenMeat_Seafood,Superstore
"Chicken Wings Club Pack, Honey Garlic",26.99,"1.81 kg, $1.49/100g",FrozenMeat_Seafood,Superstore
Halal Barbeque Chicken Wings,17.99,"908 g, $1.98/100g",FrozenMeat_Seafood,Superstore
"Frozen Utility Turkey, 9-11kg",66.22,$7.03/1kg $3.19/1lb,FrozenMeat_Seafood,Superstore
Club Pack Chicken Drumsticks,17.99,"2 kg, $0.90/100g",FrozenMeat_Seafood,Superstore
Pacific White Shrimp Platter with Mild Cocktail Sauce,19.99,"568 g, $3.52/100g",FrozenMeat_Seafood,Superstore
Seasoned Chicken Breasts Club Size ,39.99,"2 kg, $2.00/100g",FrozenMeat_Seafood,Superstore
Breaded Chicken Breast Fillets,18.99,"908 g, $2.09/100g",FrozenMeat_Seafood,Superstore
Corn Dog,12.99,"1 kg, $1.30/100g",FrozenMeat_Seafood,Superstore
"Hoso Shrimp, Cooked",7.99,"400 g, $2.00/100g",FrozenMeat_Seafood,Superstore
Chicken Breast Strips,11.49,"800 g, $1.44/100g",FrozenMeat_Seafood,Superstore
Smokin Stampede Pork Back Ribs Frozen,12.99,"680 g, $1.91/100g",FrozenMeat_Seafood,Superstore
Pork Loin Half Boneless Frozen,15.80,$6.61/1kg $3.00/1lb,FrozenMeat_Seafood,Superstore
Swedish Beef Meatballs,16.99,"907 g, $1.87/100g",FrozenMeat_Seafood,Superstore
Frozen Chicken Fries,11.49,"800 g, $1.44/100g",FrozenMeat_Seafood,Superstore
Sea Salt and Malt Vinegar Haddock Bites,9.99,"454 g, $2.20/100g",FrozenMeat_Seafood,Superstore
Breaded Chicken Burgers,11.49,"800 g, $1.44/100g",FrozenMeat_Seafood,Superstore
Seafood Mix,3.99,"340 g, $1.17/100g",FrozenMeat_Seafood,Superstore
"BBQ Beef Burgers, Hickory Flavour",13.00,"1.13 kg, $1.15/100g",FrozenMeat_Seafood,Superstore
Free From Greek Australian Lamb Sirloin Roast  ,20.56,$40.32/1kg $18.29/1lb,FrozenMeat_Seafood,Superstore
Beef Burgers,13.00,"1.13 kg, $1.15/100g",FrozenMeat_Seafood,Superstore
Crisp & Crunchy Spicy Southern-Style Chicken Wings,14.99,"907 g, $1.65/100g",FrozenMeat_Seafood,Superstore
Halal Breaded Chicken Burgers,10.00,"828 g, $1.21/100g",FrozenMeat_Seafood,Superstore
Seafood Mix,3.99,"340 g, $1.17/100g",FrozenMeat_Seafood,Superstore
Raw Shrimp,10.99,"340 g, $3.23/100g",FrozenMeat_Seafood,Superstore
"Candied Salmon, Maple Flavour",10.99,"150 g, $7.33/100g",FrozenMeat_Seafood,Superstore
"Pan Sear Selects Haddock, Traditional",16.99,"500 g, $3.40/100g",FrozenMeat_Seafood,Superstore
"Butter Infused Young Turkey - 3-5 kg, Frozen",28.00,1 kg,FrozenMeat_Seafood,Superstore
Frozen Turkey 7-9 Kg,48.00,"8 kg, $0.60/100g",FrozenMeat_Seafood,Superstore
Chinese Pork Tenderloin,12.99,"680 g, $1.91/100g",FrozenMeat_Seafood,Superstore
BBQ Pork Ribs,13.99,"600 g, $2.33/100g",FrozenMeat_Seafood,Superstore
Simulated Meat Burger Patties Made From Plants,7.99,"226 g, $3.54/100g",FrozenMeat_Seafood,Superstore
Rotisserie-Style Chicken Wings,14.99,"907 g, $1.65/100g",FrozenMeat_Seafood,Superstore
Garlic & Herb Grilling Raw Butterflied Shrimp,11.99,"340 g, $3.53/100g",FrozenMeat_Seafood,Superstore
Raw HOSO Thai White Shrimp,6.99,"340 g, $2.06/100g",FrozenMeat_Seafood,Superstore
Jumbo Popcorn Shrimp,6.88,"330 g, $2.88/100g",FrozenMeat_Seafood,Superstore
Breaded Fish Burgers,6.88,"515 g, $1.84/100g",FrozenMeat_Seafood,Superstore
Nashville-Style Chicken Wings,14.99,"907 g, $1.65/100g",FrozenMeat_Seafood,Superstore
"Frozen Turkey, 5-7 Kg",38.00,"6 kg, $0.63/100g",FrozenMeat_Seafood,Superstore
"Turkey 7-9KG, Frozen",32.99,"1 ea, $32.99/1ea",FrozenMeat_Seafood,Superstore
Utility Frozen Turkey 9-11 Kg,40.99,"1 ea, $40.99/1ea",FrozenMeat_Seafood,Superstore
"Chicken Burger, Club Pack",10.99,"1810 g, $0.61/100g",FrozenMeat_Seafood,Superstore
"Honey Garlic Chicken Wings, Club Pack",23.99,"1.81 kg, $1.33/100g",FrozenMeat_Seafood,Superstore
Pacific White Shrimp Raw Zipperback Large ,25.00,"1.5 kg, $1.67/100g",FrozenMeat_Seafood,Superstore
Frozen Grade A Turkey 5-7 Kg,46.14,$7.69/1kg $3.49/1lb,FrozenMeat_Seafood,Superstore
"Lamb Leg, Short Cut",39.05,$16.07/1kg $7.29/1lb,FrozenMeat_Seafood,Superstore
"Cooked Rotisserie Chicken Legs, 3 Pieces",13.99,"600 g, $2.33/100g",FrozenMeat_Seafood,Superstore
Pei Mussels In Provencale Sauce,11.99,"907 g, $1.32/100g",FrozenMeat_Seafood,Superstore
Raw Shrimp Deveined 16/20,13.99,"680 g, $2.06/100g",FrozenMeat_Seafood,Superstore
Pacific White Shrimp Pieces,12.99,"680 g, $1.91/100g",FrozenMeat_Seafood,Superstore
Smoked Salmon Toast Trio,17.99,"248 g, $7.25/100g",FrozenMeat_Seafood,Superstore
Breaded Haddock Fillets,15.99,"550 g, $2.91/100g",FrozenMeat_Seafood,Superstore
Buffalo Wings Spicy,17.99,"908 g, $1.98/100g",FrozenMeat_Seafood,Superstore
Cooked Shrimp,6.99,"300 g, $2.33/100g",FrozenMeat_Seafood,Superstore
Beyond Burger Plant-Based,8.29,"226 g, $3.67/100g",FrozenMeat_Seafood,Superstore
Buffalo Chicken Wings,14.99,"908 g, $1.65/100g",FrozenMeat_Seafood,Superstore
"Chicken Wings, Honey Garlic",14.99,"908 g, $1.65/100g",FrozenMeat_Seafood,Superstore
Beer Battered Shrimp,10.99,"300 g, $3.66/100g",FrozenMeat_Seafood,Superstore
Pacific White Shrimp,12.99,"680 g, $1.91/100g",FrozenMeat_Seafood,Superstore
Head On White Shrimp,8.99,"454 g, $1.98/100g",FrozenMeat_Seafood,Superstore
Wild Smoked Sockeye Salmon Boneless,10.99,"227 g, $4.84/100g",FrozenMeat_Seafood,Superstore
Peeled Shrimp,11.99,"400 g, $3.00/100g",FrozenMeat_Seafood,Superstore
Chicken Breast Nuggets,11.49,"800 g, $1.44/100g",FrozenMeat_Seafood,Superstore
Frozen Organic Whole Turkey,92.47,$13.21/1kg $5.99/1lb,FrozenMeat_Seafood,Superstore
Cajun Crab Flavoured Dip,4.99,"198 g, $2.52/100g",FrozenMeat_Seafood,Superstore
"Butter-Infused Turkey Crown, Frozen",34.99,"2.5 kg, $1.40/100g",FrozenMeat_Seafood,Superstore
Free From Chicken Fillet,15.99,"750 g, $2.13/100g",FrozenMeat_Seafood,Superstore
Buttermilk Breaded Chicken Breast Strips,20.99,"907 g, $2.31/100g",FrozenMeat_Seafood,Superstore
"Signature English Style Battered Cod Fillets, Uncooked",29.99,"2 kg, $1.50/100g",FrozenMeat_Seafood,Superstore
Chicken Parmesan ,10.00,"994 g, $1.01/100g",FrozenMeat_Seafood,Superstore
"Club Pack Chicken Thighs, Bone-In",17.99,"2 kg, $0.90/100g",FrozenMeat_Seafood,Superstore
Shrimp & Surimi Balls,6.99,"650 g, $1.08/100g",FrozenMeat_Seafood,Superstore
Fully Cooked & Seasoned Pork Tenderloin,13.99,"400 g, $3.50/100g",FrozenMeat_Seafood,Superstore
Thick & Juicy Beef Burgers,25.99,"2.72 kg, $0.96/100g",FrozenMeat_Seafood,Superstore
Frozen Popcorn Chicken,11.49,"800 g, $1.44/100g",FrozenMeat_Seafood,Superstore
Free From Angus Beef Meatball,16.99,"850 g, $2.00/100g",FrozenMeat_Seafood,Superstore
Argentinian Shrimp,10.99,"300 g, $3.66/100g",FrozenMeat_Seafood,Superstore
Boneless Stuffed Turkey Ball Frozen,21.49,"1.5 kg, $1.43/100g",FrozenMeat_Seafood,Superstore
Breaded Wild Sole Fillets,15.99,"680 g, $2.35/100g",FrozenMeat_Seafood,Superstore
"Pan Sear Selects Tilapia, Lime Chili",16.99,"540 g, $3.15/100g",FrozenMeat_Seafood,Superstore
Signature Cuts Beer Battered Fillets Haddock,16.99,"425 g, $4.00/100g",FrozenMeat_Seafood,Superstore
Gochujang Sweet & Spicy Chicken Wings,14.99,"907 g, $1.65/100g",FrozenMeat_Seafood,Superstore
"Stuffed Breaded Chicken, Broccoli & Cheese (2 Pack)",4.99,"284 g, $1.76/100g",FrozenMeat_Seafood,Superstore
Oak Smoked Scottish Atlantic Salmon,10.99,"150 g, $7.33/100g",FrozenMeat_Seafood,Superstore
Pei Mussels In Creamy White Wine Sauce,11.99,"907 g, $1.32/100g",FrozenMeat_Seafood,Superstore
Butter Infused Young Turkey - Frozen - 5-7 kg,38.00,1 ea,FrozenMeat_Seafood,Superstore
BBQ Chickens Bites,16.99,"710 g, $2.39/100g",FrozenMeat_Seafood,Superstore
Mango & Calamansi Citrus Grilling Raw Shrimp Skewers,11.99,"360 g, $3.33/100g",FrozenMeat_Seafood,Superstore
Medium Buffalo-Style Chicken Wings,14.99,"907 g, $1.65/100g",FrozenMeat_Seafood,Superstore
Carolina Gold Sauce Pork Back Ribs,10.99,"500 g, $2.20/100g",FrozenMeat_Seafood,Superstore
"Frozen Crispy Breaded, Frozen, Cod Fillets, Uncooked",16.99,"515 g, $3.30/100g",FrozenMeat_Seafood,Superstore
Catch of The Day Breaded Fish Sticks,5.99,"350 g, $1.71/100g",FrozenMeat_Seafood,Superstore
Breaded Coconut Shrimp With Sweet Chili Dipping Sauce,11.99,"454 g, $2.64/100g",FrozenMeat_Seafood,Superstore
"Thick & Juicy Bear Paw Burgers, case",48.00,"4.54 kg, $1.06/100g",FrozenMeat_Seafood,Superstore
Frozen Stuffed Turkey 5-7 Kg,43.00,"6 kg, $0.72/100g",FrozenMeat_Seafood,Superstore
Butter Infused Young Turkey - Frozen - 7-9kg,48.00,1 kg,FrozenMeat_Seafood,Superstore
Whole Breaded Popcorn Shrimp ,10.00,"800 g, $1.25/100g",FrozenMeat_Seafood,Superstore
Yuzu Citrus Chicken Breast Bites,14.99,"700 g, $2.14/100g",FrozenMeat_Seafood,Superstore
Salmon Burger,12.99,"568 g, $2.29/100g",FrozenMeat_Seafood,Superstore
"Turkey, 9-11KG Frozen",58.00,"10 kg, $0.58/100g",FrozenMeat_Seafood,Superstore
"Lemon Peppercorn Fillets, Breaded Seasoned Pollock",6.88,"500 g, $1.90/100g",FrozenMeat_Seafood,Superstore
Black Tiger Shrimp Raw Gigantico,12.99,"400 g, $3.25/100g",FrozenMeat_Seafood,Superstore
Zipperback Colossal Raw Freshwater Shrimp,19.99,"454 g, $4.40/100g",FrozenMeat_Seafood,Superstore
Gluten Free Chicken Burgers,7.00,"600 g, $1.17/100g",FrozenMeat_Seafood,Superstore
Honey Garlic Chicken Wings,14.99,"700 g, $2.14/100g",FrozenMeat_Seafood,Superstore
Everything Seasoned Breaded Chicken Breast Strips,14.99,"750 g, $2.00/100g",FrozenMeat_Seafood,Superstore
"Burger C/Pack 20'S 5Lb, Club Pack",22.00,"2.27 kg, $0.97/100g",FrozenMeat_Seafood,Superstore
"Chicken Strips, Club Pack",10.99,"1810 g, $0.61/100g",FrozenMeat_Seafood,Superstore
Whole Lamb Shoulder Chop,49.44,$22.02/1kg $9.99/1lb,FrozenMeat_Seafood,Superstore
"Too Good To Be Wings, Honey Garlic",14.99,"800 g, $1.87/100g",FrozenMeat_Seafood,Superstore
Smoked Yellow Cod Fillets,9.16,$28.63/1kg $12.99/1lb,FrozenMeat_Seafood,Superstore
Smoked Steelhead Salmon ,19.99,"300 g, $6.66/100g",FrozenMeat_Seafood,Superstore
"Seasoned Chicken Balls, Fully Cooked & Battered",10.00,"1.13 kg, $0.88/100g",FrozenMeat_Seafood,Superstore
Chicken Mozzarella,10.00,"1 kg, $1.00/100g",FrozenMeat_Seafood,Superstore
Gluten Free Breaded Shrimp,9.99,"340 g, $2.94/100g",FrozenMeat_Seafood,Superstore
"Fully Cooked, Breaded Chicken Burgers",6.00,"908 g, $0.66/100g",FrozenMeat_Seafood,Superstore
Smoked Wild Sockeye Salmon,10.99,"150 g, $7.33/100g",FrozenMeat_Seafood,Superstore
"Too Good To Be Wings Boneless Chicken Breast Chunks, Butter Buffalo",14.99,"800 g, $1.87/100g",FrozenMeat_Seafood,Superstore
Salad Shrimp,11.99,"454 g, $2.64/100g",FrozenMeat_Seafood,Superstore
Salad Shrimp,11.99,"454 g, $2.64/100g",FrozenMeat_Seafood,Superstore
Natural Shredded Chicken,9.99,"250 g, $4.00/100g",FrozenMeat_Seafood,Superstore
Breaded Fish Strips Value Pack 55 or More Strips,10.49,"900 g, $1.17/100g",FrozenMeat_Seafood,Superstore
Organics Peeled Raw Black Tiger Shrimp,13.99,"300 g, $4.66/100g",FrozenMeat_Seafood,Superstore
Smoked Steelhead Salmon ,19.99,"300 g, $6.66/100g",FrozenMeat_Seafood,Superstore
Cold Smoked Steelhead Salmon,11.34,$57.30/1kg $26.00/1lb,FrozenMeat_Seafood,Superstore
Supreme Crunch Halal Spicy Chicken Burgers,12.99,"600 g, $2.17/100g",FrozenMeat_Seafood,Superstore
"Chicken Wings, Mild BBQ",14.99,"908 g, $1.65/100g",FrozenMeat_Seafood,Superstore
"SHAQ Half Pound Patties,100% Angus Beef ",17.99,"907 g, $1.98/100g",FrozenMeat_Seafood,Superstore
Chicken Wings Salt & Cracked Black Pepper,15.99,"780 g, $2.05/100g",FrozenMeat_Seafood,Superstore
"Raw Wild Shrimp, Easy Peel",9.99,"300 g, $3.33/100g",FrozenMeat_Seafood,Superstore
Lamb Shoulder Chops,19.29,$26.43/1kg $11.99/1lb,FrozenMeat_Seafood,Superstore
Easy Carve Turkey with Traditional Cranberry Stuffing,57.99,"3.85 kg, $1.51/100g",FrozenMeat_Seafood,Superstore
Frozen Grade A Turkey 3-5 Kg,30.76,$7.69/1kg $3.49/1lb,FrozenMeat_Seafood,Superstore
"Frozen Grade A Turkey, Whole Over 11 Kg",79.08,$6.59/1kg $2.99/1lb,FrozenMeat_Seafood,Superstore
Smoked Atlantic Salmon,11.99,"100 g, $11.99/100g",FrozenMeat_Seafood,Superstore
Halal Beef Burgers,18.00,"907 g, $1.98/100g",FrozenMeat_Seafood,Superstore
SunGold Specialty Meats Ltd Lamb Tonight Merguez Lamb Sausage,11.99,"375 g, $3.20/100g",FrozenMeat_Seafood,Superstore
Shrimp Ring,12.99,"454 g, $2.86/100g",FrozenMeat_Seafood,Superstore
Beef Burger,10.00,"900 g, $1.11/100g",FrozenMeat_Seafood,Superstore
Smoked Wild Sliced Sockeye Salmon,17.99,"300 g, $6.00/100g",FrozenMeat_Seafood,Superstore
Pacific White Shrimp Cooked Peeled Responsibly Farmed Jumbo ,16.99,"400 g, $4.25/100g",FrozenMeat_Seafood,Superstore
"English Style Battered Haddock Fillets, Uncooked",16.99,"425 g, $4.00/100g",FrozenMeat_Seafood,Superstore
Alaska Wild Pollock Fish Wings Buffalo Wings Seasoning,11.99,"454 g, $2.64/100g",FrozenMeat_Seafood,Superstore
"Pan Sear Selects Cod, Savoury Herb",16.99,"540 g, $3.15/100g",FrozenMeat_Seafood,Superstore
Halal Stuffed Chicken Mozzarella,10.99,"568 g, $1.93/100g",FrozenMeat_Seafood,Superstore
Smoky Bacon Crab Flavoured Dip,4.99,"198 g, $2.52/100g",FrozenMeat_Seafood,Superstore
Breaded Wild Cod Fillets,15.99,"600 g, $2.67/100g",FrozenMeat_Seafood,Superstore
Atlantic Salmon Strips Hot Smoked Spicy & Candied ,10.99,"150 g, $7.33/100g",FrozenMeat_Seafood,Superstore
Pub Style Turkey Nuggets,10.99,"600 g, $1.83/100g",FrozenMeat_Seafood,Superstore
Honey Garlic Chicken Wings,14.99,"907 g, $1.65/100g",FrozenMeat_Seafood,Superstore
Free From Lamb Burgers,14.00,"568 g, $2.46/100g",FrozenMeat_Seafood,Superstore
Breaded Chicken Wing,15.00,"907 g, $1.65/100g",FrozenMeat_Seafood,Superstore
"Butter Infused Stuffed Turkey  5-7 Kg, Frozen",43.00,1 kg,FrozenMeat_Seafood,Superstore
Thick & Juicy Turkey Burgers,14.00,"1.13 kg, $1.24/100g",FrozenMeat_Seafood,Superstore
Free From Australian Lamb Shanks,23.79,$20.92/1kg $9.49/1lb,FrozenMeat_Seafood,Superstore
Pacific White Shrimp Raw,7.49,"300 g, $2.50/100g",FrozenMeat_Seafood,Superstore
Crispy Southern Style Chicken,18.99,"1 kg, $1.90/100g",FrozenMeat_Seafood,Superstore
Breaded Fish Nuggets Value Pack,10.49,"900 g, $1.17/100g",FrozenMeat_Seafood,Superstore
Angus Beef Meatballs,16.99,"907 g, $1.87/100g",FrozenMeat_Seafood,Superstore
"Tuna Sashimi, Frozen",7.99,"100 g, $7.99/100g",FrozenMeat_Seafood,Superstore
Halal Frozen Turkey,43.30,$8.14/1kg $3.69/1lb,FrozenMeat_Seafood,Superstore
"Italian Style Beef Meatballs,",16.99,"907 g, $1.87/100g",FrozenMeat_Seafood,Superstore
Wild Argentinian Shrimp Platter with Creamy Citrus Herb Sauce,20.99,"400 g, $5.25/100g",FrozenMeat_Seafood,Superstore
Breaded Chicken Breast Fillets Spicy Buttermilk Medium 17 Pieces Minimum,20.99,"907 g, $2.31/100g",FrozenMeat_Seafood,Superstore
"Butter-Infused Stuffed Turkey Crown, Frozen",36.00,"3 kg, $1.20/100g",FrozenMeat_Seafood,Superstore
Salt & Pepper Chicken Wings,14.99,"908 g, $1.65/100g",FrozenMeat_Seafood,Superstore
Angus Beef Meatballs,16.99,"907 g, $1.87/100g",FrozenMeat_Seafood,Superstore
Supreme Crunch Halal Spicy Chicken Drumsticks,11.99,"720 g, $1.67/100g",FrozenMeat_Seafood,Superstore
Scottish Haddock Fillets,15.99,"600 g, $2.67/100g",FrozenMeat_Seafood,Superstore
Breaded Chicken Strips,7.00,"600 g, $1.17/100g",FrozenMeat_Seafood,Superstore
Raw Shrimp P&D Tail On 16/20,35.25,"1360 g, $2.59/100g",FrozenMeat_Seafood,Superstore
Pan Ready Steelhead Whole,9.96,$14.31/1kg $6.49/1lb,FrozenMeat_Seafood,Superstore
Pacific White Shrimp Cooked,7.49,"300 g, $2.50/100g",FrozenMeat_Seafood,Superstore
"Frozen Utility Turkey, 5-7kg",41.45,$6.59/1kg $2.99/1lb,FrozenMeat_Seafood,Superstore
"Chicken Wings, Medium BBQ",14.99,"908 g, $1.65/100g",FrozenMeat_Seafood,Superstore
Everything Seasoned Smoked Steelhead Salmon,10.99,"150 g, $7.33/100g",FrozenMeat_Seafood,Superstore
"Pork Back Ribs, Honey Garlic",13.99,"600 g, $2.33/100g",FrozenMeat_Seafood,Superstore
"Pacific White Shrimp Cooked, Club Size",13.99,"680 g, $2.06/100g",FrozenMeat_Seafood,Superstore
Lamb Loin Chops,12.23,$33.05/1kg $15.00/1lb,FrozenMeat_Seafood,Superstore
Frozen Grade A Turkey 9-11 Kg,76.90,$7.69/1kg $3.49/1lb,FrozenMeat_Seafood,Superstore
"Pub Classics, Beer Battered Haddock Fillets, Uncooked",24.49,"1.325 kg, $1.85/100g",FrozenMeat_Seafood,Superstore
"Boneless Turkey Breast Roast, Frozen ",22.79,"1.5 kg, $1.52/100g",FrozenMeat_Seafood,Superstore
Zipperback Pacific White Shrimp Raw,8.99,"400 g, $2.25/100g",FrozenMeat_Seafood,Superstore
Breaded Squid Rings,10.00,"908 g, $1.10/100g",FrozenMeat_Seafood,Superstore
Salt and Pepper Turkey Wings,14.99,"907 g, $1.65/100g",FrozenMeat_Seafood,Superstore
Beef Meatballs,9.99,"680 g, $1.47/100g",FrozenMeat_Seafood,Superstore
Maryland Crab Cakes,8.99,"170 g, $5.29/100g",FrozenMeat_Seafood,Superstore
"Beef Burger, Club Pack",25.99,"2.27 kg, $1.14/100g",FrozenMeat_Seafood,Superstore
Shrimp Ring,7.00,"227 g, $3.08/100g",FrozenMeat_Seafood,Superstore
"Shrimp, Cooked",30.00,"1.5 kg, $2.00/100g",FrozenMeat_Seafood,Superstore
Italian Beef Meatballs,16.99,"907 g, $1.87/100g",FrozenMeat_Seafood,Superstore
"Turkey Breast Roast with Traditional Cranberry Stuffing, Frozen",18.99,"1 kg, $1.90/100g",FrozenMeat_Seafood,Superstore
"Coho Salmon Fillet, Frozen",29.57,$28.66/1kg $13.00/1lb,FrozenMeat_Seafood,Superstore
"Pan Sear Selects Sole, Lemon Pepper",16.99,"540 g, $3.15/100g",FrozenMeat_Seafood,Superstore
"Pan Sear Selects Salmon, Mediterranean",16.99,"540 g, $3.15/100g",FrozenMeat_Seafood,Superstore
"Crispy Breaded, Frozen, Sole Fillets, Uncooked",16.99,"515 g, $3.30/100g",FrozenMeat_Seafood,Superstore
"Crispy, Breaded, Frozen Haddock Fillets, Uncooked",16.99,"425 g, $4.00/100g",FrozenMeat_Seafood,Superstore
Wild Atlantic Cold Water Shrimp Cooked Peeled ,12.99,"340 g, $3.82/100g",FrozenMeat_Seafood,Superstore
Smokin' Honey Fully Cooked Pork Back Ribs,10.99,"500 g, $2.20/100g",FrozenMeat_Seafood,Superstore
"Butter Infused Young Turkey, Frozen  9-11kg",58.00,1 ea,FrozenMeat_Seafood,Superstore
Seafood Bake Tray Garlic Herb ,16.99,"700 g, $2.43/100g",FrozenMeat_Seafood,Superstore
Beef Burgers,14.00,"678 g, $2.06/100g",FrozenMeat_Seafood,Superstore
Turkey Strips,10.99,"600 g, $1.83/100g",FrozenMeat_Seafood,Superstore
Dry-Rubbed Hardwood-Smoked Chicken Wings,14.99,"800 g, $1.87/100g",FrozenMeat_Seafood,Superstore
"Frozen Turkey, 3-5 Kg",28.00,"4 kg, $0.70/100g",FrozenMeat_Seafood,Superstore
Free From Australian Lamb Spiedini 24 Skewers,26.99,"480 g, $5.62/100g",FrozenMeat_Seafood,Superstore
Umami Wagyu Burgers,12.00,"568 g, $2.11/100g",FrozenMeat_Seafood,Superstore
Crunchy Breaded Haddock Fish Sticks,6.88,"350 g, $2.71/100g",FrozenMeat_Seafood,Superstore
Shrimp Burger,11.99,"452 g, $2.65/100g",FrozenMeat_Seafood,Superstore
Gochujang Sweet & Spicy Chicken Bites,14.99,"700 g, $2.14/100g",FrozenMeat_Seafood,Superstore
Seafood Mix,10.00,"800 g, $1.25/100g",FrozenMeat_Seafood,Superstore
Frozen Stuffed Turkey 7-9 Kg,53.00,"8 kg, $0.66/100g",FrozenMeat_Seafood,Superstore
Free From Crisp & Crunchy Mild Southern-Style Chicken Wings,14.99,"700 g, $2.14/100g",FrozenMeat_Seafood,Superstore
Sweet & Smoky Barbecue Butterflied Black Tiger Shrimp ,15.00,"360 g, $4.17/100g",FrozenMeat_Seafood,Superstore
Gourmet West Coast Dark Roast Fine Grind Coffee,15.99,"875 g, $1.83/100g",coffee,Superstore
Classic Roast Ground Coffee,12.99,"816 g, $1.59/100g",coffee,Superstore
The Great Canadian Light to Medium Roast Fine Grind Coffee,15.99,"930 g, $1.72/100g",coffee,Superstore
Rich Instant Coffee,6.79,"170 g, $3.99/100g",coffee,Superstore
Gourmet Medium Roast Extra Fine Grind Coffee,15.99,"930 g, $1.72/100g",coffee,Superstore
Gourmet Medium Roast Regular Grind Coffee ,15.99,"930 g, $1.72/100g",coffee,Superstore
Gourmet West Coast Dark Roast™ Whole Bean Coffee,16.99,"907 g, $1.87/100g",coffee,Superstore
Original Coffee,8.99,"300 g, $3.33/100g",coffee,Superstore
Pure Ground Coffee Rich Dark Roast,10.99,"900 g, $1.22/100g",coffee,Superstore
Gourmet West Coast Dark Roast Single Serve Coffee Pods,34.99,"72 ea, $0.49/1ea",coffee,Superstore
Medium Roast Coffee Pods Club Size,36.99,"100 ea, $0.37/1ea",coffee,Superstore
Original Fine Grind Coffee,18.99,"930 g, $2.69/100g",coffee,Superstore
"Single Serve Coffee Pods, Original 12 Pods",11.99,"126 g, $10.71/100g",coffee,Superstore
Rossa Ground Coffee,5.49,"250 g, $2.20/100g",coffee,Superstore
Gourmet Swiss Water Process Decaffeinated Medium Roast Fine Grind Coffee,15.99,"875 g, $1.83/100g",coffee,Superstore
"Crema e Gusto Ground Coffee, Classico",5.49,"250 g, $2.20/100g",coffee,Superstore
Medium Roast Ground Coffee,9.99,"925 g, $1.08/100g",coffee,Superstore
"Premium Medium Dark Roast, Ground Coffee",24.99,"950 g, $2.63/100g",coffee,Superstore
"Premium Medium Dark Roast K-Cup Coffee Pods, 30 Count",17.97,"30 ea, $0.83/1ea",coffee,Superstore
Original Roast Instant Coffee,5.79,"150 g, $3.86/100g",coffee,Superstore
Nabob Traditional Fine Grind Ground Coffee,11.99,"930 g, $2.36/100g",coffee,Superstore
Espresso Instant Coffee ,4.99,"80 g, $7.49/100g",coffee,Superstore
Gourmet West Coast Dark Roast Single Serve Coffee Pods,15.99,"30 ea, $0.53/1ea",coffee,Superstore
"Ground Coffee Pike Place Roast, Nespresso Vertuo",11.49,"100 g, $11.49/100g",coffee,Superstore
Original K-Cup Coffee Pods,24.99,"30 ea, $0.83/1ea",coffee,Superstore
Tasters Choice Classic Instant Coffee,7.99,"100 g, $7.99/100g",coffee,Superstore
Gourmet Medium Roast Fine Grind Coffee ,15.99,"930 g, $1.72/100g",coffee,Superstore
Dark Roast Coffee Pods Club Size,36.99,"1 ea, $0.37/1ea",coffee,Superstore
Sweet And Creamy Original Instant Coffee Mix,7.99,"351 g, $2.28/100g",coffee,Superstore
Medium Roast Instant and Microground Coffee,4.99,"100 g, $5.99/100g",coffee,Superstore
Dark Roast Ground Coffee,9.99,"925 g, $1.08/100g",coffee,Superstore
Rich Decaf Instant Coffee,6.79,"100 g, $6.79/100g",coffee,Superstore
Ground Coffee Single Origin Coffee Colombia,11.49,"100 g, $11.49/100g",coffee,Superstore
"Fine Grain Coffee, Decaffeinated",8.99,"300 g, $3.33/100g",coffee,Superstore
The Great Canadian Light to Medium Roast Single Serve Coffee Pods,34.99,"72 ea, $0.49/1ea",coffee,Superstore
Gourmet Medium Roast Single Serve Coffee Pods,15.99,"30 ea, $0.53/1ea",coffee,Superstore
Instant Coffee Club Size,9.99,"340 g, $2.94/100g",coffee,Superstore
The Great Canadian Light to Medium Roast Single Serve Coffee Pods,15.99,"30 ea, $0.53/1ea",coffee,Superstore
Gourmet Medium Roast Whole Bean Coffee,16.99,"907 g, $1.87/100g",coffee,Superstore
PC® Espresso Forte Whole Bean Coffee,16.99,"907 g, $1.87/100g",coffee,Superstore
Gourmet Swiss Water Process Decaffeinated Medium Roast Single Serve Coffee Pods,15.99,"30 ea, $0.53/1ea",coffee,Superstore
RICH Instant Coffee,9.99,"475 g, $3.37/100g",coffee,Superstore
"Rich French Vanilla Flavoured Instant Coffee Mix, Makes 50 Servings",6.79,"100 g, $6.79/100g",coffee,Superstore
Hazelnut Coffee,8.99,"300 g, $3.33/100g",coffee,Superstore
GOLD Espresso Instant Coffee,8.49,"100 g, $8.49/100g",coffee,Superstore
Sweet And Creamy French Vanilla Instant Coffee Mix,7.99,"351 g, $2.28/100g",coffee,Superstore
"Caffè Verona Capsules, Ground Coffee For Nespresso Vurtuo",11.49,"100 g, $11.49/100g",coffee,Superstore
Rich Hazelnut Instant Coffee Canister,6.79,"100 g, $6.79/100g",coffee,Superstore
Rich Intense Instant Coffee,6.79,"160 g, $4.24/100g",coffee,Superstore
Ground Coffee Blonde Espresso Roast for Nespresso ,11.49,"68 g, $16.90/100g",coffee,Superstore
"Coffee, Columbian Dark Roast Ground ",11.99,"340 g, $3.53/100g",coffee,Superstore
Gourmet West Coast Dark Roast™ Coffee TASSIMO T DISCs,9.99,"14 ea, $0.71/1ea",coffee,Superstore
PC® Sumatra Single Origin Dark Roast Whole Bean Coffee,7.99,"340 g, $2.64/100g",coffee,Superstore
Brown Coffee Instant Coffee Mix,8.99,"825 g, $1.09/100g",coffee,Superstore
Brazilian Coffee with Cardamom,3.79,"200 g, $1.90/100g",coffee,Superstore
"Coffee Creamer, French Vanilla Portion Cups",5.29,"13 g, $40.69/100g",coffee,Superstore
Espresso Perfetto Espresso Grind Coffee,5.49,"250 g, $2.20/100g",coffee,Superstore
Premium Ground Brazilian Coffee,6.99,"450 g, $1.55/100g",coffee,Superstore
Nabob Cappuccino Coffee Single Serve T-Discs,9.99,"263 g, $3.80/100g",coffee,Superstore
Dark Roast Coffee,8.99,"300 g, $3.33/100g",coffee,Superstore
Caffe Verona,22.99,"794 g, $2.90/100g",coffee,Superstore
PC® Cinnamon Swirl Naturally Flavoured Single Serve Coffee Pods,6.99,"136 g, $5.73/100g",coffee,Superstore
PC® Ethiopia Single Origin Medium Roast Single Serve Coffee Pods,15.99,"330 g, $4.85/100g",coffee,Superstore
Ground Coffee Decaf Espresso,7.99,"10 ea, $0.80/1ea",coffee,Superstore
French Roast Dark Roast Ground Coffee K-Cup Pods,11.99,"10 ea, $1.20/1ea",coffee,Superstore
"K-Cup Coffee, Hazelnut",11.99,"120 g, $11.24/100g",coffee,Superstore
Breakfast Blend Coffee 100% Compostable Pods,17.99,"292 g, $6.85/100g",coffee,Superstore
" Vanilla Hazelnut, Light Roast, Ground Coffee",11.99,"340 g, $3.53/100g",coffee,Superstore
House Blend Coffee,22.99,"793 g, $2.90/100g",coffee,Superstore
Ground Coffee Perfetto Medium Roast,11.99,"340 g, $3.53/100g",coffee,Superstore
PC® Sumatra Single Origin Dark Roast Single Serve Coffee Pods,15.99,"339 g, $4.72/100g",coffee,Superstore
"True North Blend Blonde Roast Ground Coffee K-Cup Pods Box, 44 Capsules",33.99,"550 g, $6.18/100g",coffee,Superstore
100% Colombian Coffee 100% Compostable Pods,17.99,"292 g, $6.85/100g",coffee,Superstore
Qualità Oro Ground Coffee Medium Roast,7.99,"55 g, $14.53/100g",coffee,Superstore
Decaf,18.99,"640 g, $3.75/100g",coffee,Superstore
PC® Cinnamon Swirl Naturally Flavoured Fine Grind Coffee ,5.00,"250 g, $2.00/100g",coffee,Superstore
Dark Roast Coffee 100% Compostable K Cup Coffee Pods,15.49,"292 g, $5.82/100g",coffee,Superstore
Rossa Roasted Coffee Beans,20.99,"1 kg, $2.10/100g",coffee,Superstore
Variety Pack K-Cup Coffee Pods,24.99,"30 ea, $0.83/1ea",coffee,Superstore
Italian Roast ground coffee,11.99,"340 g, $3.53/100g",coffee,Superstore
House Blend Ground Coffee,11.99,"340 g, $3.53/100g",coffee,Superstore
Gourmet Medium Roast Coffee TASSIMO T DISCs,9.99,"14 ea, $0.71/1ea",coffee,Superstore
Mocha Flavoured Coffee Mix,6.49,"144 g, $4.51/100g",coffee,Superstore
"Espresso Superiore, Dark Roast, K-Cup Coffee Pods, 24 Count",19.99,"276 g, $7.24/100g",coffee,Superstore
"Crema e Gusto Whole Coffee Beans, Classico",20.99,"1 kg, $2.10/100g",coffee,Superstore
Mocha Swirl K-Cup Coffee Pods 12 Count,10.49,"12 ea, $0.87/1ea",coffee,Superstore
100% Arabica Coffee,10.99,"450 g, $2.44/100g",coffee,Superstore
Gourmet Swiss Water Process Decaffeinated Medium Roast Whole Bean Coffee,7.99,"340 g, $2.64/100g",coffee,Superstore
True North Blend Blonde Roast Ground Coffee K-Cup Pods ,11.99,"10 ea, $1.20/1ea",coffee,Superstore
"Tasters Choice Classic, Instant Coffee",15.99,"250 g, $6.40/100g",coffee,Superstore
Ground Coffee Bold Espresso,7.99,"10 ea, $0.80/1ea",coffee,Superstore
"K-cup Pods, French Vanilla Cappuccino",24.99,"24 ea, $1.04/1ea",coffee,Superstore
Espresso Roast Dark Roast Ground Coffee Bag,11.99,"340 g, $3.53/100g",coffee,Superstore
Nabob French Vanilla Coffee Single Serve T-Discs,9.99,"14 ea, $0.71/1ea",coffee,Superstore
Gourmet Medium Roast Single Serve Coffee Pods,6.99,"12 ea, $0.65/1ea",coffee,Superstore
Morning Blend Coffee 100% Compostable K Cup Coffee Pods,15.49,"285 g, $5.96/100g",coffee,Superstore
Rich Caramel Instant Coffee,6.79,"100 g, $6.79/100g",coffee,Superstore
Nabob French Vanilla Coffee Single Serve T-Discs,9.99,"14 ea, $0.71/1ea",coffee,Superstore
PC® Colombian Supremo Medium Roast Whole Bean Coffee,16.99,"907 g, $1.87/100g",coffee,Superstore
Sweet & Creamy Iced Original Instant Coffee Mix,7.99,"256 g, $3.12/100g",coffee,Superstore
Gourmet Medium Roast Single Serve Coffee Pods,6.99,"12 ea, $0.65/1ea",coffee,Superstore
By Nespresso Espresso Roast Nespresso Coffee Capsules 10 Nespresso Coffee Pods,9.99,"57 g, $17.53/100g",coffee,Superstore
PC® Costa Rica Single Origin Medium Roast Fine Grind Coffee,8.99,"340 g, $2.64/100g",coffee,Superstore
PC® Colombian Supremo Single Origin Medium Roast Fine Grind Coffee,8.99,"340 g, $2.64/100g",coffee,Superstore
Whole Bean Arabica Coffee,16.99,"907 g, $1.87/100g",coffee,Superstore
PC® Espresso Whole Bean Coffee,16.99,"907 g, $1.87/100g",coffee,Superstore
Vanilla Biscotti K-Cup Coffee Pods 12 Count,10.49,"12 ea, $0.87/1ea",coffee,Superstore
PC® Espresso Perfetto Single Serve Coffee Capsules,6.79,"10 ea, $67.90/100ea",coffee,Superstore
Ground Coffee French Roast,22.99,"793 g, $2.90/100g",coffee,Superstore
"Colombian La Vereda K-Cup Coffee Pods, 30 Count For Keurig Coffee Makers",18.99,"30 ea, $0.63/1ea",coffee,Superstore
"Original House Blend, Medium Roast, Ground Coffee",11.99,"340 g, $3.53/100g",coffee,Superstore
Whole Bean 100% Arabica Coffee Caffè Verona Dark Roast,22.99,"907 g, $2,810.36/100g",coffee,Superstore
Dark Roast Coffee Pods,6.79,"114 g, $5.96/100g",coffee,Superstore
"High Grown Organic K-Cup Coffee Pods, Dark Roast, 10 Count, Ethically Sourced, Certified Organic, For Keurig Coffee Makers",12.99,"10 ea, $1.30/1ea",coffee,Superstore
Whole Bean Guatemala Coffee,8.99,"300 g, $3.00/100g",coffee,Superstore
Black Silk K-Cup Coffee Pods 30 Count,18.99,"30 ea, $8.95/100g",coffee,Superstore
Whole Bean Coffee Dark Roast Espresso Bellacrema,21.99,"907 g, $2.42/100g",coffee,Superstore
"Premium Medium Dark Roast, K-Cup Coffee Pods, 12 Count",12.99,"12 ea, $1.08/1ea",coffee,Superstore
Espresso Forte Espresso Grind Coffee,5.49,"250 g, $2.20/100g",coffee,Superstore
Coarse Ground Coffee,8.99,"300 g, $3.33/100g",coffee,Superstore
Vanilla Latte Flavoured Coffee Mix,6.49,"148 g, $4.39/100g",coffee,Superstore
Instant Dark Coffee,8.99,"100 g, $8.99/100g",coffee,Superstore
White Coffee 3 in 1,2.99,"300 g, $1.16/100g",coffee,Superstore
Coffee Blanca Instant Coffee Mix,8.99,"900 g, $1.00/100g",coffee,Superstore
Cappuccino Coffee Mix,6.49,"112 g, $5.79/100g",coffee,Superstore
PC® Espresso Potente Single Serve Coffee Capsules,6.79,"10 ea, $67.90/100ea",coffee,Superstore
Roasted Ground Coffee Qualità Oro Perfect Symphony,7.49,"250 g, $3.00/100g",coffee,Superstore
Ground 100% Arabica Coffee Pike Place Medium Roast,11.99,"340 g, $3.53/100g",coffee,Superstore
"Iced Coffee Blend, Signature Black, K-Cups",11.99,"115 g, $10.43/100g",coffee,Superstore
Whole Bean Coffee Medium Roast Colombia Altura Blend,21.99,"907 g, $2.42/100g",coffee,Superstore
Colombian Coffee,8.99,"300 g, $3.33/100g",coffee,Superstore
"Vanilla Hazelnut, Light Roast, K-Cup Coffee Pods, 12 Count",11.99,"12 ea, $1.00/1ea",coffee,Superstore
By Nespresso Decaf Espresso Roast Coffee Pods,9.99,"57 g, $17.53/100g",coffee,Superstore
House Blend Coffee 100% Compostable K Cup Coffee Pods,15.49,"292 g, $5.82/100g",coffee,Superstore
Sumatra Single-Origin Dark Roast Ground Coffee K-Cup Pods Box,22.99,"24 ea, $1.02/1ea",coffee,Superstore
Original Roast Coffee 100% Compostable K Cup Coffee Pods,10.49,"114 g, $9.20/100g",coffee,Superstore
"Premium Medium Dark Roast, Decaf, K-Cup Coffee Pods, 12 Count",12.99,"12 ea, $1.08/1ea",coffee,Superstore
Tassimo  Dark Italian Roast Coffee Single Serve T-Discs,9.99,"12 ea, $0.83/1ea",coffee,Superstore
Gold Dark Roast Instant and Roast & Ground Coffee,8.49,"100 g, $8.49/100g",coffee,Superstore
"Premium Instant Coffee, Medium Roast",8.99,"100 g, $8.99/100g",coffee,Superstore
"Coffee, Ground  Flavoured Amaretto Inspired Light Roast 340 g",11.99,"340 g, $3.53/100g",coffee,Superstore
Qualità Rossa Ground Coffee Medium Roast,7.99,"55 g, $14.53/100g",coffee,Superstore
Gourmet West Coast Dark Roast Swiss Water Process Decaffeinated Whole Bean Coffee,7.99,"340 g, $2.64/100g",coffee,Superstore
Nabob Latte Coffee Single Serve T-Discs,9.99,"263 g, $3.80/100g",coffee,Superstore
Gold Dark Roast Instant and Roast & Ground Coffee,8.49,"100 g, $8.49/100g",coffee,Superstore
Ground Coffee Pioneer Blend Medium Roast Coffee,8.49,"340 g, $3.09/100g",coffee,Superstore
"Coffee, Ground  Flavoured Amaretto Inspired Light Roast 340 g",11.99,"340 g, $3.53/100g",coffee,Superstore
Classico Ground Coffee Classic Roast,15.99,"250 g, $6.40/100g",coffee,Superstore
Ground Coffee Colombian Medium Medium Roast,24.99,"30 ea, $0.83/1ea",coffee,Superstore
Nabob Latte Coffee Single Serve T-Discs,9.99,"263 g, $3.80/100g",coffee,Superstore
"Coffee, Lively Up Fair Trade, Whole Bean ",11.99,"284 g, $4.22/100g",coffee,Superstore
Lively Colombian K-Cup Coffee Pods 30 Count,18.99,"30 ea, $0.72/1ea",coffee,Superstore
Medium Roast Breakfast Blend Ground Coffee,9.49,"340 g, $2.79/100g",coffee,Superstore
"French Vanilla, Medium Roast, K-Cup Coffee Pods, 12 Count",12.99,"12 ea, $1.08/1ea",coffee,Superstore
Qualità Rossa Whole Bean Coffee,11.99,"340 g, $3.53/100g",coffee,Superstore
Vanilla Naturally Flavoured Iced Coffee K-Cups,11.99,"115 g, $10.43/100g",coffee,Superstore
Instant Coffee & Roasted Chicory,5.49,"200 g, $2.75/100g",coffee,Superstore
"Dulce de Leche, Light Roast, K-Cup Coffee Pods, 12 Count",11.49,"12 ea, $0.96/1ea",coffee,Superstore
Costa Rica Single Origin Medium Roast Single Serve Coffee Pods,6.99,"12 ea, $0.65/1ea",coffee,Superstore
Ground Coffee Classic Lungo,7.99,"10 ea, $0.80/1ea",coffee,Superstore
PC® Creamy Caramel Naturally Flavoured Single Serve Coffee Pods,6.99,"136 g, $5.73/100g",coffee,Superstore
Medium Roast Decaf Coffee,9.99,"925 g, $1.08/100g",coffee,Superstore
"Instant Coffee, Light",8.99,"100 g, $8.99/100g",coffee,Superstore
"Premium Medium Dark Roast, Whole Bean Coffee",13.99,"300 g, $4.66/100g",coffee,Superstore
"Coffee, One Love Fair Trade, Whole Bean ",11.99,"284 g, $4.22/100g",coffee,Superstore
Cafe Barista Medium Roasted Ground Coffee,21.99,"900 g, $2.44/100g",coffee,Superstore
"RICH Colombian, Instant Coffee",6.79,"100 g, $6.79/100g",coffee,Superstore
"Dulce de Leche, Light Roast, Ground Coffee",11.99,"340 g, $3.53/100g",coffee,Superstore
PC® Espresso Forte Decaffeinato Single Serve Coffee Capsules ,6.79,"10 ea, $0.68/1ea",coffee,Superstore
Caramel Drizzle K-Cup Coffee Pods 30 Count,18.99,"270 g, $7.96/100g",coffee,Superstore
"Rainforest Espresso, Extra Dark Roast, K-Cup Coffee Pods, 30 Count",18.99,"30 ea, $0.63/1ea",coffee,Superstore
Iced Instant Coffee,6.79,"100 g, $6.79/100g",coffee,Superstore
Sumatra Single Origin Dark Roast Single Serve Coffee Pods,6.99,"12 ea, $0.65/1ea",coffee,Superstore
Classic Decaf Coffee,7.99,"100 g, $7.99/100g",coffee,Superstore
"Premium Medium Dark Roast, Decaf, K-Cup Coffee Pods, 30 Count",17.97,"30 ea, $0.83/1ea",coffee,Superstore
Black Silk Ground Coffee Dark,12.99,"641 g, $2.03/100g",coffee,Superstore
Decaffeinated Hazelnut Vanilla Naturally Flavoured Fine Grind Coffee,5.00,"250 g, $2.00/100g",coffee,Superstore
PC® Ethiopia Single Origin Medium Roast Fine Grind Coffee,8.99,"340 g, $2.64/100g",coffee,Superstore
PC® The Great Canadian Maple Flavoured Fine Grind Coffee,5.00,"250 g, $2.00/100g",coffee,Superstore
Decaffeinated Ground Coffee Classic Decaf,12.99,"544 g, $2.39/100g",coffee,Superstore
Hazelnut Cream K-Cup Coffee Pods 12 Count,10.49,"12 ea, $0.87/1ea",coffee,Superstore
By Nespresso Blonde Espresso Roast Coffee Capsules 10 Nespresso Coffee Pods,9.99,"53 g, $18.85/100g",coffee,Superstore
"Single Serve Coffee Pods, Decaf",11.99,"126 g, $10.71/100g",coffee,Superstore
Costa Rica Single Origin Medium Roast Single Serve Coffee Pods,15.99,"30 ea, $0.53/1ea",coffee,Superstore
Pike Place Medium Roast Keurig K-Cup Coffee Pods,33.99,"550 g, $6.18/100g",coffee,Superstore
"Gold Espresso, Instant Coffee",11.99,"200 g, $6.00/100g",coffee,Superstore
Nabob Organic Gourmet Blend Ground Coffee,11.99,"915 g, $2.40/100g",coffee,Superstore
Nabob Dark Bold Roast Full City Dark Ground Coffee,9.49,"340 g, $2.79/100g",coffee,Superstore
"K-Cup Coffee Pods, Light Roast - Belgian Chocolate ",11.49,"12 ea, $0.96/1ea",coffee,Superstore
Espresso Maestro Ground Coffee Ristretto Dark Roast,7.99,"55 g, $14.53/100g",coffee,Superstore
Nabob Medium Roast 1896 Tradition Ground Coffee,9.49,"340 g, $2.79/100g",coffee,Superstore
The Great Canadian Light to Medium Roast Whole Bean Coffee ,16.99,"907 g, $1.87/100g",coffee,Superstore
Whole Bean 100% Arabica Coffee Pike Place Roast Medium Roast,22.99,"907 g, $2.81/100g",coffee,Superstore
Timy Kc Rs Breakfast Blend,33.79,"60 ea, $0.56/1ea",coffee,Superstore
"Belgian Chocolate, Light Roast, Ground Cofee",11.99,"340 g, $3.53/100g",coffee,Superstore
"Instant Coffee, Medium",8.99,"100 g, $8.99/100g",coffee,Superstore
Nabob Dark Bold Roast Full City Dark Ground Coffee,9.49,"340 g, $2.79/100g",coffee,Superstore
French Roast Dark Roast Ground Coffee ,11.99,"340 g, $3.53/100g",coffee,Superstore
Nabob Medium Roast 1896 Tradition Ground Coffee,9.49,"340 g, $2.79/100g",coffee,Superstore
"Single Serve K-Cup Compatible Capsules, Lively Up, Dark Roast, 24 Count",15.99,"24 ea, $0.67/1ea",coffee,Superstore
"Premium Instant Coffee, Dark Roast",8.99,"100 g, $8.99/100g",coffee,Superstore
"Colombian Medium, Medium Roast, K-Cup Coffee Pods, 48 Count",35.99,"48 ea, $0.75/1ea",coffee,Superstore
"High Grown Organic Whole Bean Coffee, Dark Roast",14.49,"300 g, $4.83/100g",coffee,Superstore
Verona Dark Roast Ground Coffee K-Cup Pods,11.99,"10 ea, $1.20/1ea",coffee,Superstore
Espresso Maestro Ground Coffee Ristretto Dark Roast,7.99,"55 g, $14.53/100g",coffee,Superstore
Classico Ground Coffee Classic Roast,12.79,"119 g, $10.75/100g",coffee,Superstore
Medium Roast Decaffeinated Coffee Pods,6.79,"114 g, $5.96/100g",coffee,Superstore
PC® Costa Rica Single Origin Medium Roast Whole Bean Coffee,7.99,"340 g, $2.64/100g",coffee,Superstore
Full City Dark Coffee 100% Compostable Pods,17.99,"292 g, $6.85/100g",coffee,Superstore
Type Espresso 57 Intense Instant Coffee,10.49,"100 g, $10.49/100g",coffee,Superstore
Traditional Premium Roast Ground Coffee,21.99,"930 g, $2.36/100g",coffee,Superstore
House Blend Coffee 100% Compostable K Cup Coffee Pods,10.49,"117 g, $8.97/100g",coffee,Superstore
PC® Espresso Forte Single Serve Coffee Capsules,6.79,"10 ea, $67.90/100ea",coffee,Superstore
"Single Serve K-Cup Compatible Capsules, Medium-Dark Roast",15.99,"24 ea, $0.67/1ea",coffee,Superstore
French Roast Dark Roast Ground Coffee K-Cup Pods,22.99,"24 ea, $1.02/1ea",coffee,Superstore
"French Roast for Nespresso Vertuo, 8 Capsules",11.49,"100 g, $11.49/100g",coffee,Superstore
Dark Coffee,36.99,"48 ea, $0.77/1ea",coffee,Superstore
"Premium Medium Dark Roast, Ground Coffee",13.99,"340 g, $4.11/100g",coffee,Superstore
Pike Place Roast Medium Roast Ground Coffee K-Cup Pods,11.99,"10 ea, $1.20/1ea",coffee,Superstore
Ground Coffee Classico Medium Roast,11.99,"340 g, $3.53/100g",coffee,Superstore
Ground Coffee Gran Selezione Medium Roast,11.99,"340 g, $3.53/100g",coffee,Superstore
"Premium Caramel Flavoured, Medium Roast,  K-Cup Coffee Pods, 12 Count",14.99,"12x12.0 ea, $0.10/1ea",coffee,Superstore
Nabob Medium Roast 100% Colombian Summit Ground Coffee,9.49,"340 g, $2.79/100g",coffee,Superstore
"Original House Blend, Medium Roast, K-Cup Coffee Pods, 12 Count",11.99,"12 ea, $1.00/1ea",coffee,Superstore
GOLD Instant and Roast & Ground Medium Coffee,8.49,"100 g, $8.49/100g",coffee,Superstore
Columbian K-Cup Coffee Pods,24.99,"30 ea, $0.83/1ea",coffee,Superstore
"Rossa K-Cup Pods, Medium Roast Coffee",19.49,"345 g, $5.65/100g",coffee,Superstore
"French Vanilla, Light Roast, K-Cup Coffee Pods, 12 Count",11.99,"12 ea, $1.00/1ea",coffee,Superstore
The Great Canadian Light to Medium Roast TASSIMO T DISCs,9.99,"14 ea, $0.71/1ea",coffee,Superstore
Pike Place Roast,22.99,"794 g, $2.90/100g",coffee,Superstore
"Premium Medium Dark Roast, Whole Bean Coffee",23.99,"900 g, $2.67/100g",coffee,Superstore
Decafe K-Cup Coffee Pods,24.99,"30 ea, $0.83/1ea",coffee,Superstore
Ground And Instant Coffee Hazelnut Medium Roast,13.49,"10x10.0 ea, $1.35/1ea",coffee,Superstore
Original House Blend K-Cup Pods,24.99,"30 ea, $0.83/1ea",coffee,Superstore
Ground Coffee House Blend Dark Dark Roast,24.99,"30 ea, $0.83/1ea",coffee,Superstore
Colombian Coffee 100% Compostable K Cup Coffee Pods,15.49,"292 g, $5.82/100g",coffee,Superstore
Maxwell House House Blend Coffee Single Serve T-Discs,9.99,"16 ea, $0.62/1ea",coffee,Superstore
Gourmet West Coast Dark Roast Single Serve Coffee Pods,6.99,"12 ea, $0.65/1ea",coffee,Superstore
Cappuccino Beverage Mix French Vanilla,11.99,"10 ea, $1.30/1ea",coffee,Superstore
The Great Canadian Light to Medium Roast Single Serve Coffee Pods,6.99,"12 ea, $0.65/1ea",coffee,Superstore
Gourmet Swiss Water Process Decaffeinated Medium Roast Single Serve Coffee Pods,6.99,"12 ea, $0.65/1ea",coffee,Superstore
Gourmet Half Caff Swiss Water® Process Decaffeinated Medium Roast Fine Grind Coffee,5.00,"250 g, $2.00/100g",coffee,Superstore
Ground Coffee Intensely Dark,12.99,"641 g, $2.03/100g",coffee,Superstore
"Single Serve Coffee Pod, Dark Roast",11.99,"126 g, $10.71/100g",coffee,Superstore
By Nespresso Pike Place Roast Coffee Pods,9.99,"53 g, $18.85/100g",coffee,Superstore
Espresso Roast Ground Coffee,11.49,"68 g, $16.90/100g",coffee,Superstore
French Vanilla Coffee,8.99,"300 g, $3.33/100g",coffee,Superstore
"Half Caff, Medium Roast, K-Cup Coffee Pods, 12 Count",11.49,"12 ea, $0.96/1ea",coffee,Superstore
Dark Roast Coffee 100% Compostable K Cup Coffee Pods,10.49,"117 g, $8.97/100g",coffee,Superstore
Greek Coffee     ,9.99,"194 g, $5.15/100g",coffee,Superstore
"Crema e Gusto K-Cup Pods, Medium Roast Coffee",19.49,"345 g, $5.65/100g",coffee,Superstore
Decaffeinated Coffee 100% Compostable K Cup Coffee Pods,15.49,"292 g, $5.82/100g",coffee,Superstore
PC® Sumatra Single Origin Dark Roast Fine Grind Coffee,8.99,"340 g, $2.64/100g",coffee,Superstore
"Coffee, Intensely Dark K-Cup Pods 30 Count",18.99,"30 ea, $6.82/100g",coffee,Superstore
"Caramel Vanilla, Medium Roast, K-Cup Coffee Pods, 10 Count",11.49,"10 ea, $1.15/1ea",coffee,Superstore
French Vanilla Coffee,24.99,"30 ea, $0.83/1ea",coffee,Superstore
"Gold Iced Latte Salted Caramel Carton, Sachets",6.49,"101.5 g, $6.39/100g",coffee,Superstore
"Via Instant Italian Roast, Dark Roast Coffee, 100% Arabica Instant & Microground Coffee",8.99,"8 ea, $1.12/1ea",coffee,Superstore
Ground Coffee Midnight Gold Dark Roast Coffee,8.49,"340 g, $3.09/100g",coffee,Superstore
Intenso Ground Coffee Bold Roast,12.79,"119 g, $10.75/100g",coffee,Superstore
Verona Dark Roast Ground Coffee K-Cup Pods,22.99,"24 ea, $1.02/1ea",coffee,Superstore
Single-Origin Colombia K-Cup Coffee Pods,22.99,"300 g, $8.16/100g",coffee,Superstore
"Via Instant Colombia, Medium Roast Coffee, 100% Arabica Instant & Microground Coffee",8.99,"8 ea, $1.12/1ea",coffee,Superstore
Coffee,9.99,"14 ea, $0.79/1ea",coffee,Superstore
"K-Cup Coffee Pods, Espresso Roast",36.99,"48 ea, $0.77/1ea",coffee,Superstore
Ground Coffee Decaf Original House Blend Medium Roast,24.99,"30 ea, $0.83/1ea",coffee,Superstore
"French Vanilla, Cappuccino",9.49,"454 g, $2.09/100g",coffee,Superstore
Medium Bold Roast Gastown Grind Ground Coffee,9.49,"340 g, $2.79/100g",coffee,Superstore
Caramel Drizzle K-Cup Coffee Pods 12 Count,10.49,"12 ea, $0.87/1ea",coffee,Superstore
Vanilla Biscotti K-Cup Coffee Pods 30 Count,18.99,"30 ea, $0.72/1ea",coffee,Superstore
Morning Café Ground Coffee Light Roast,18.99,"210 g, $10.23/100g",coffee,Superstore
"Regular Coffee, K-Cup",18.99,"30 ea, $0.63/1ea",coffee,Superstore
"Premium Espresso Dark Roast, K-Cup Coffee Pods, 12 Count",12.99,"12 ea, $1.08/1ea",coffee,Superstore
"Original House Blend, Medium Roast, Ground Coffee",24.99,"908 g, $2.75/100g",coffee,Superstore
Dark Roast K-Cup Compatible,24.99,"30 ea, $0.83/1ea",coffee,Superstore
Via Instant Pike Place,8.99,"8 ea, $1.12/1ea",coffee,Superstore
"Coffee, Whole Bean  Pioneer Blend Medium Roast ",8.49,"340 g, $3.09/100g",coffee,Superstore
Medium Roast Coffee Pods,6.79,"114 g, $5.96/100g",coffee,Superstore
Illy Blend Ground Coffee Intenso Bold Roast,15.99,"250 g, $6.40/100g",coffee,Superstore
"Coffee, Dark Roast",18.99,"875 g, $2.86/100g",coffee,Superstore
Colombian Keurig,36.99,"48 ea, $0.77/1ea",coffee,Superstore
Espresso Maestro Ground Coffee Lungo Light Roast,7.99,"55 g, $14.53/100g",coffee,Superstore
"Single Serve K-Cup Compatible Capsules, 100% Ethiopian, Medium Roast",15.99,"24 ea, $0.67/1ea",coffee,Superstore
PC® Gourmet Medium Roast Single Serve Coffee Pods,34.99,"72 ea, $0.49/1ea",coffee,Superstore
Cafe Barista Dark Roasted Coffee 100% Compostable Pods,21.99,"300 g, $7.33/100g",coffee,Superstore
Original Coffee,36.99,"48 ea, $0.77/1ea",coffee,Superstore
Nabob Espresso Single Serve T-Discs,9.99,"14 ea, $0.71/1ea",coffee,Superstore
"Breakfast Blend, Light Roast, K-Cup Coffee Pods, 30 Count",18.99,"30 ea, $0.63/1ea",coffee,Superstore
"French Roast Dark Roast K-Cup, 44-Pack",33.99,"528 g, $6.44/100g",coffee,Superstore
Ground Coffee Colombian Dark Dark Roast,24.99,"30 ea, $0.83/1ea",coffee,Superstore
100% Colombian Whole Bean Coffee,8.99,"300 g, $3.00/100g",coffee,Superstore
"McCafé Premium Roast Coffee Single Serve T-Discs, 14 T-Discs",9.99,"14 ea, $0.71/1ea",coffee,Superstore
"Coffee, Midnight Gold Whole Bean  Dark Roast ",8.49,"340 g, $3.09/100g",coffee,Superstore
"Original House Blend, Medium Roast, K-Cup Coffee Pods, 48 Count",35.99,"48 ea, $0.75/1ea",coffee,Superstore
Cappuccino TASSIMO T DISCs,9.99,"8 ea, $1.25/1ea",coffee,Superstore
French Vanilla Naturally Flavoured Fine Grind Coffee,5.00,"250 g, $2.00/100g",coffee,Superstore
"K-Cup, French Vanilla",11.99,"126 g, $11.24/100g",coffee,Superstore
Colombian Supremo Single Origin Medium Roast Single Serve Coffee Pods,15.99,"30 ea, $0.53/1ea",coffee,Superstore
Whole Bean Bag,24.99,"907 g, $2.76/100g",coffee,Superstore
"Blonde Roast Coffee, 100% Arabica Instant & Microground ",8.99,"8 ea, $1.12/1ea",coffee,Superstore
Carte Noire Americano Coffee Single Serve T-Discs,9.99,"14 ea, $0.71/1ea",coffee,Superstore
Premium Ground Brazilian Coffee,3.79,"200 g, $1.90/100g",coffee,Superstore
Nabob Café Crema Coffee Single Serve T-Discs,9.99,"14 ea, $9.08/100g",coffee,Superstore
Rich Original Coffee Capsules,18.99,"477 g, $4.40/100g",coffee,Superstore
"Coffee, House Blend Dark Roast , K Cup",11.99,"114 g, $10.52/100g",coffee,Superstore
Gold Espresso Decaf Instant Coffee,8.49,"90 g, $9.43/100g",coffee,Superstore
Rich Aroma Instant Coffee,10.49,"100 g, $10.49/100g",coffee,Superstore
Pike Place Roast Medium Roast Ground Coffee K-Cup Pods,22.99,"24 ea, $1.02/1ea",coffee,Superstore
Veranda Blend for Nespresso Vertuo K-Cup Coffee Pods,11.49,"100 g, $11.49/100g",coffee,Superstore
Decaf Ground Coffee,10.99,"631 g, $1.74/100g",coffee,Superstore
Cafe Barista Dark Roasted Ground Coffee,21.99,"875 g, $2.51/100g",coffee,Superstore
Lively Colombian K-Cup Coffee Pods 12 Count,10.49,"12 ea, $0.87/1ea",coffee,Superstore
Ground Coffee Bright Espresso,7.99,"10 ea, $0.80/1ea",coffee,Superstore
"Coffee, Gold Dark Roast, Roast & Ground  Capsules",18.99,"270 g, $7.77/100g",coffee,Superstore
Oro K-Cup Pods Medium Roast 100% Arabica Coffee,19.49,"345 g, $5.65/100g",coffee,Superstore
True North Blend Blonde Roast Ground Coffee K-Cup Pods,22.99,"24 ea, $1.02/1ea",coffee,Superstore
Doughnuts Value Pack Light Roast Coffee 30 K-Cup Pods,18.99,"30 ea, $0.63/1ea",coffee,Superstore
Nabob 100% Colombian Coffee Single Serve T-Discs,9.99,"14 ea, $9.08/100g",coffee,Superstore
Nespresso Single Origin Colombia  ,9.99,"57 g, $17.53/100g",coffee,Superstore
Premium Ground Brazilian Coffee,6.99,"450 g, $1.55/100g",coffee,Superstore
"Cold Brew Coffee Concentrate, Signature Black",12.99,"946 ml, $1.37/100ml",coffee,Superstore
Original Roast Coffee 100% Compostable K Cup Coffee Pods,15.49,"285 g, $5.96/100g",coffee,Superstore
"K-Cup Pods Tea, Orange Pekoe",9.99,"12 ea, $0.83/1ea",coffee,Superstore
Dark Roast Instant & Microground Coffee,4.99,"100 g, $5.99/100g",coffee,Superstore
"Vanilla Hazelnut Coffee, Light Roast",24.99,"30 ea, $0.83/1ea",coffee,Superstore
Whole Bean Coffee Dark Roast French Roast,21.99,"907 g, $2.42/100g",coffee,Superstore
Whole Bean Coffee Medium Roast Hazelnut Crème,21.99,"907 g, $2.42/100g",coffee,Superstore
Whole Bean 100% Arabica Coffee Espresso Roast Dark Roast,22.99,"907 g, $2.81/100g",coffee,Superstore
Nabob Breakfast Blend Coffee Single Serve T-Discs,9.99,"14 ea, $8.12/100g",coffee,Superstore
"Premium Medium Dark Roast, Decaf, Ground Coffee",13.99,"340 g, $4.11/100g",coffee,Superstore
Ground Coffee Gran Aroma Light Roast,11.99,"340 g, $3.53/100g",coffee,Superstore
Ground 100% Arabica Coffee True North Blend Blonde Roast,11.99,"340 g, $3.53/100g",coffee,Superstore
Light Roast Instant Coffee,4.99,"100 g, $5.99/100g",coffee,Superstore
"Premium Medium Dark Roast, K-Cup Coffee Pods, 48 Count",36.99,"48 ea, $0.77/1ea",coffee,Superstore
Maxwell House Decaf Coffee Single Serve T-Discs,9.99,"14 ea, $0.71/1ea",coffee,Superstore
"Rich Instant Coffee, Tin",5.99,"95 g, $6.31/100g",coffee,Superstore
Maxwell House Decaf Coffee Single Serve T-Discs,9.99,"14 ea, $0.71/1ea",coffee,Superstore
"Espresso Roast K-Cup Coffee Pods, 30 Count",17.97,"30 ea, $0.83/1ea",coffee,Superstore
Maxwell House Rich Dark Roast Coffee Single Serve T-Discs,9.99,"14 ea, $0.71/1ea",coffee,Superstore
Classic Roast K-Cup Coffee Pods 12 Count,10.49,"12 ea, $0.87/1ea",coffee,Superstore
"Coffee Capsules for Nespresso Original System, Caramel",9.99,"51 g, $19.59/100g",coffee,Superstore
Creamy Caramel Naturally Flavoured Fine Grind Coffee,5.00,"250 g, $2.00/100g",coffee,Superstore
PC® Espresso Perfetto Whole Bean Coffee,16.99,"907 g, $1.87/100g",coffee,Superstore
"Coffee Creamer, Hazelnut Portion Cups, 24 Pack",5.29,"13 g, $40.69/100g",coffee,Superstore
Origins Colombia Coffee,8.49,"95 g, $8.94/100g",coffee,Superstore
"Lemon Tea, Cartons 10 Pack",3.99,"10x200.0 ml, $0.20/100ml",tea_hotDrinks,Superstore
"Iced Tea, Lemon ",7.49,"12x341.0 ml, $0.18/100ml",tea_hotDrinks,Superstore
Orange Pekoe Black Tea,9.97,"216 ea, $0.06/1ea",tea_hotDrinks,Superstore
"Zero Iced Tea, Lemon   ",7.49,"12x341.0 ml, $0.18/100ml",tea_hotDrinks,Superstore
"Peach Party Tea, Can",1.25,"695 ml, $0.18/100ml",tea_hotDrinks,Superstore
Medium Roast Iced Coffee,7.59,"1.42 l, $0.60/100ml",tea_hotDrinks,Superstore
Original Iced Tea 2.35 Kg,15.49,"2.35 kg, $0.66/100g",tea_hotDrinks,Superstore
Strawberry Lemon Tea,1.25,"695 ml, $0.18/100ml",tea_hotDrinks,Superstore
"Razzleberry Tea, Can",1.25,"695 ml, $0.18/100ml",tea_hotDrinks,Superstore
Blonde Roast Iced Coffee,7.59,"1.42 l, $0.60/100ml",tea_hotDrinks,Superstore
Yogurt-Flavored Drink,1.98,"4x400.0 ml, $0.57/100ml",tea_hotDrinks,Superstore
Lemon Iced Tea,4.49,"1.75 l, $0.26/100ml",tea_hotDrinks,Superstore
Sno-Berry,1.25,"695 ml, $0.18/100ml",tea_hotDrinks,Superstore
Diet Lemon Iced Tea ,5.49,"12x355.0 ml, $0.13/100ml",tea_hotDrinks,Superstore
"Caddy Shack Tea, Can",1.25,"695 ml, $0.18/100ml",tea_hotDrinks,Superstore
Lemon Ginger Herbal Tea,3.49,"20 ea, $0.17/1ea",tea_hotDrinks,Superstore
"Peach Tea, Cherry",1.25,"695 ml, $0.18/100ml",tea_hotDrinks,Superstore
Orange Pekoe Black Tea,5.99,"72 ea, $0.08/1ea",tea_hotDrinks,Superstore
Lemon Iced Tea Naturally Flavoured,5.49,"12x355.0 ml, $0.13/100ml",tea_hotDrinks,Superstore
Mango Mood,1.25,"695 ml, $0.18/100ml",tea_hotDrinks,Superstore
Camomile Herbal Tea,3.49,"20 ea, $0.17/1ea",tea_hotDrinks,Superstore
Chai Latte Tea Concentrate,8.99,"946 ml, $0.95/100ml",tea_hotDrinks,Superstore
Ginger Peach Herbal Tea,3.49,"20 ea, $8.73/100g",tea_hotDrinks,Superstore
Decafeine Orange Pekoe,10.99,"80 ea, $0.14/1ea",tea_hotDrinks,Superstore
Iced Tea,2.29,"1.75 l, $0.13/100ml",tea_hotDrinks,Superstore
Lemonade,7.29,"2.63 l, $0.28/100ml",tea_hotDrinks,Superstore
Raspberry Iced Tea,4.49,"1.75 l, $0.26/100ml",tea_hotDrinks,Superstore
"Brewed Iced Tea Less Sugar, Lemon",4.49,"1.75 l, $0.26/100ml",tea_hotDrinks,Superstore
50ct Pure Peppermint,6.99,"50 ea, $0.22/1ea",tea_hotDrinks,Superstore
Lemonade with Raspberry,7.29,"2.63 l, $0.28/100ml",tea_hotDrinks,Superstore
Cucumber Mint Flavour Green Tea,3.49,"1.54 l, $0.26/100ml",tea_hotDrinks,Superstore
"Peach Tea, Cartons 10 Pack",3.99,"10x200.0 ml, $0.20/100ml",tea_hotDrinks,Superstore
Chai Black Tea,3.49,"20 ea, $8.73/100g",tea_hotDrinks,Superstore
Lemonade,5.49,"12x355.0 ml, $0.13/100ml",tea_hotDrinks,Superstore
Gold Peak Iced Tea (Natural Lemon Flavour),2.97,"1.75 l, $0.30/100ml",tea_hotDrinks,Superstore
Hot Chocolate Mix,4.79,"500 g, $0.96/100g",tea_hotDrinks,Superstore
Zero Lemon Iced Tea,1.39,"710 ml, $0.20/100ml",tea_hotDrinks,Superstore
Peppermint Herbal Tea,2.99,"36 g, $8.31/100g",tea_hotDrinks,Superstore
The Orange Pekoe,6.79,"72 ea, $0.09/1ea",tea_hotDrinks,Superstore
Lavender Flavour White Tea,3.49,"1.54 l, $0.26/100ml",tea_hotDrinks,Superstore
Lemon & Ginger Tea,6.99,"50 ea, $0.22/1ea",tea_hotDrinks,Superstore
Lemon Iced Tea,1.39,"710 ml, $0.20/100ml",tea_hotDrinks,Superstore
Chocolate Milk Mix,5.99,"750 g, $0.80/100g",tea_hotDrinks,Superstore
Raspberry Thriller Herbal Tea,3.49,"40 g, $8.73/100g",tea_hotDrinks,Superstore
Rooibos Red Tea,3.49,"20 ea, $0.17/1ea",tea_hotDrinks,Superstore
Iced Tea Natural Lemon Flavour  ,2.50,"500 ml, $0.50/100ml",tea_hotDrinks,Superstore
Dreamland Herbal Tea,3.49,"20 ea, $0.17/1ea",tea_hotDrinks,Superstore
"Greenest of All Teas Tea, Can",1.25,"695 ml, $0.18/100ml",tea_hotDrinks,Superstore
Superblends Flavoured Herbal Tea Orange & Star Anise,6.79,"18 ea, $0.38/1ea",tea_hotDrinks,Superstore
2-Cup Black Tea Bags,2.79,"100 ea, $0.03/1ea",tea_hotDrinks,Superstore
Yellow Label Loose Tea,15.99,"900 g, $1.78/100g",tea_hotDrinks,Superstore
20ct Herbal Tea Variety Pack,5.49,"20 ea, $0.27/1ea",tea_hotDrinks,Superstore
The corse orange pekoe - Corse ,6.79,"72 ea, $0.09/1ea",tea_hotDrinks,Superstore
"Rasberry Tea, Carafe",2.97,"1.75 l, $0.30/100ml",tea_hotDrinks,Superstore
Decaffeinated Orange Pekoe Premium Black Tea,4.99,"48 ea, $0.10/1ea",tea_hotDrinks,Superstore
Ginger Chai Black Tea With Real Ginger ,5.99,"182 g, $3.29/100g",tea_hotDrinks,Superstore
Cardamom Chai Tea,4.49,"166 g, $3.01/100g",tea_hotDrinks,Superstore
Super Herbal Tea Sunshine Lemon & Orange With Vitamin D,4.99,"20 ea, $0.25/1ea",tea_hotDrinks,Superstore
Milky Flavor Tea Okinawa,7.99,"375 g, $2.13/100g",tea_hotDrinks,Superstore
20ct Pure Peppermint,5.49,"20 ea, $0.27/1ea",tea_hotDrinks,Superstore
Instant Boba Kit Matcha,9.49,"285 g, $3.33/100g",tea_hotDrinks,Superstore
Licorice Spice Herbal Tea,4.49,"20 ea, $0.26/1ea",tea_hotDrinks,Superstore
"Oolong Tea, Tea Bags",3.29,"40 g, $8.23/100g",tea_hotDrinks,Superstore
Raspberry Tea,2.49,"50 g, $4.98/100g",tea_hotDrinks,Superstore
"Tea, Super Herbal  Immune Lemon & Echinacea with Zinc",7.99,"40 ea, $0.20/1ea",tea_hotDrinks,Superstore
Organic Vanilla Matcha,13.99,"65 g, $21.52/100g",tea_hotDrinks,Superstore
Herbal Tea,5.49,"100 g, $5.49/100g",tea_hotDrinks,Superstore
Green Tea,8.99,"200 g, $4.50/100g",tea_hotDrinks,Superstore
Green Tea Lemon Ginseng,7.49,"72 ea, $0.10/1ea",tea_hotDrinks,Superstore
Care Lemon Ginger Herbal Tea  ,4.99,"20 ea, $0.25/1ea",tea_hotDrinks,Superstore
Hot Chocolate Mix ,14.49,"1.8 kg, $0.81/100g",tea_hotDrinks,Superstore
Taj Mahal Loose Leaf Black Tea,10.99,"450 g, $2.44/100g",tea_hotDrinks,Superstore
Takaokaya Brown Rice Tea,2.99,"31 g, $9.65/100g",tea_hotDrinks,Superstore
20ct Honeybush Mandarin Orange,5.49,"20 ea, $0.27/1ea",tea_hotDrinks,Superstore
"Hot Chocolate Mix, Cookies and Creme - 7 sachets",5.29,"175 g, $3.02/100g",tea_hotDrinks,Superstore
"Chai Tea Latte Mix, Cardamom",5.99,"224 g, $2.67/100g",tea_hotDrinks,Superstore
50ct Pure Camomile,6.99,"50 ea, $0.22/1ea",tea_hotDrinks,Superstore
Loose Green Tea,5.79,"225 g, $2.57/100g",tea_hotDrinks,Superstore
Loose Black Tea ,8.99,"450 g, $2.00/100g",tea_hotDrinks,Superstore
"Chai Tea Latte Mix, Ginger",5.99,"224 g, $2.67/100g",tea_hotDrinks,Superstore
"Tea, Cardamom",7.99,"200 g, $4.00/100g",tea_hotDrinks,Superstore
Marshmallow Hot Chocolate Canister,6.99,"450 g, $1.55/100g",tea_hotDrinks,Superstore
20ct Earl Grey Decaf,5.49,"20 ea, $0.27/1ea",tea_hotDrinks,Superstore
Instant Boba Kit Black Tea,9.49,"285 g, $3.33/100g",tea_hotDrinks,Superstore
Instant Ginger Latte With Honey,4.49,"250 g, $1.80/100g",tea_hotDrinks,Superstore
Yellow Label Black Tea,8.99,"200 g, $4.50/100g",tea_hotDrinks,Superstore
Super Herbal Tea Immune+ Peppermint & Ginger With Zinc And Vitamin D,4.99,"20 ea, $0.25/1ea",tea_hotDrinks,Superstore
Orange Pekoe Premium Black Tea Club Size,7.99,"216 ea, $0.04/1ea",tea_hotDrinks,Superstore
"Rich And Creamy Hot Chocolate, Large Canister",20.99,"1.7 kg, $1.23/100g",tea_hotDrinks,Superstore
Carnation Hot Chocolate Mix Turtles,6.99,"400 g, $1.75/100g",tea_hotDrinks,Superstore
Strawberry Iced Tea,1.39,"710 ml, $0.20/100ml",tea_hotDrinks,Superstore
Multi-Fruit Tea,2.49,"50 g, $4.98/100g",tea_hotDrinks,Superstore
Peppermint Herbal Tea,4.49,"20 ea, $0.26/1ea",tea_hotDrinks,Superstore
Naturally Decaffeinated Green Tea,3.49,"20 ea, $0.17/1ea",tea_hotDrinks,Superstore
Organic Oolong Tea,5.49,"200 g, $3.25/100g",tea_hotDrinks,Superstore
Dirty Chai Black Tea with Espresso Coffee,3.49,"20 ea, $0.17/1ea",tea_hotDrinks,Superstore
Super Green Tea Antiox Tropical With Vitamin C,4.99,"20 ea, $0.25/1ea",tea_hotDrinks,Superstore
Extra Strength,4.99,"50 g, $9.98/100g",tea_hotDrinks,Superstore
Green Tea,3.49,"20 ea, $0.17/1ea",tea_hotDrinks,Superstore
Green Tea The Vert Naturellement Decafeine   ,10.99,"80 ea, $0.14/1ea",tea_hotDrinks,Superstore
Super Herbal Tea-Boost Peach Ginger Dan with Vitamin B6,4.99,"40 g, $0.25/1ea",tea_hotDrinks,Superstore
Earl Grey Specialty Tea   ,4.99,"24 ea, $0.21/1ea",tea_hotDrinks,Superstore
Herbal Tea Goodnight Blend,6.99,"50 ea, $0.22/1ea",tea_hotDrinks,Superstore
Herbal Tea Live Calm Camomile Spearmint Orange,4.99,"30 g, $16.63/100g",tea_hotDrinks,Superstore
"Iced Tea, Lemon",7.29,"2.63 l, $0.28/100ml",tea_hotDrinks,Superstore
Iced Tea Powdered Drink Mix Pitcher Packs,3.49,"30.9 g, $11.29/100g",tea_hotDrinks,Superstore
"Taj Mahal Black Tea, Loose",13.99,"900 g, $1.55/100g",tea_hotDrinks,Superstore
"Tea, Fruit Tea Selection",4.99,"40 g, $12.48/100g",tea_hotDrinks,Superstore
Earl Grey Premium Flavoured Black Tea,4.99,"48 ea, $0.10/1ea",tea_hotDrinks,Superstore
"Herbal Tea Passion Hibiscus, Orange peel and Passion Fruit Flavours",5.99,"1 ea, $5.99/1ea",tea_hotDrinks,Superstore
Tea Green Tea Pure,4.99,"40 g, $12.48/100g",tea_hotDrinks,Superstore
"Tea, Loose Leaf  Green  Blood Orange Boost",10.99,"50 g, $21.98/100g",tea_hotDrinks,Superstore
Loose Leaf Tea Herbal Infusion Valerian Nights,10.99,"50 g, $21.98/100g",tea_hotDrinks,Superstore
Yellow Label Loose Tea,10.99,"450 g, $2.44/100g",tea_hotDrinks,Superstore
"Herbal Tea, Fruit Sampler",5.29,"20 ea, $0.26/1ea",tea_hotDrinks,Superstore
Sleepytime Herbal Tea,5.29,"20 ea, $0.26/1ea",tea_hotDrinks,Superstore
"Chinese Teabags, Pu Erh",2.99,"25 ea, $0.12/1ea",tea_hotDrinks,Superstore
Classsic Green Tea,3.99,"45 g, $8.87/100g",tea_hotDrinks,Superstore
Earl Grey Vanilla Specialty Cannister Pack,4.99,"24 ea, $0.21/1ea",tea_hotDrinks,Superstore
Blueberry Tea,2.49,"50 g, $4.98/100g",tea_hotDrinks,Superstore
"Tea, Camomile & Lemongrass",4.99,"40 g, $12.48/100g",tea_hotDrinks,Superstore
Yorkshire Orange Pekoe Tea,6.99,"80 ea, $0.10/1ea",tea_hotDrinks,Superstore
Organic Chai Te Bag ,5.99,"20 ea, $0.30/1ea",tea_hotDrinks,Superstore
Dream Camomile/Lemon Herbal Cannister Pack,4.99,"20 ea, $0.25/1ea",tea_hotDrinks,Superstore
20ct Variety Pack,5.49,"20 ea, $0.27/1ea",tea_hotDrinks,Superstore
English Breakfast Tea ,6.79,"60 ea, $0.11/1ea",tea_hotDrinks,Superstore
Chai Specialty Tea,4.99,"20 ea, $0.25/1ea",tea_hotDrinks,Superstore
"Iced Coffee, Regular",1.29,"240 ml, $0.54/100ml",tea_hotDrinks,Superstore
Raspberry Iced Tea,2.50,"547 ml, $0.46/100ml",tea_hotDrinks,Superstore
Cardamom Tea,12.49,"454 g, $2.75/100g",tea_hotDrinks,Superstore
Green Tea Sen-Cha Tea Bag ,4.19,"40 g, $10.48/100g",tea_hotDrinks,Superstore
Brisk Lemon Iced Tea Cube (Case),13.49,"24x355.0 ml, $0.16/100ml",tea_hotDrinks,Superstore
Orange Pekoe Premium Black Tea,4.49,"72 ea, $0.06/1ea",tea_hotDrinks,Superstore
"Tea, Super Herbal  Camomile & Turmeric with Multivitamins",4.99,"20 ea, $0.25/1ea",tea_hotDrinks,Superstore
Ruby Hot Cocoa Mix,5.49,"350 g, $1.57/100g",tea_hotDrinks,Superstore
20ct Pure Camomile,5.49,"20 ea, $0.27/1ea",tea_hotDrinks,Superstore
Bengal Spice Herbal Tea,7.99,"94 g, $19.98/100g",tea_hotDrinks,Superstore
Zero kiwi Strawberry ,1.99,"473 ml, $0.42/100ml",tea_hotDrinks,Superstore
Tea Pure Ceylon,6.79,"60 ea, $0.11/1ea",tea_hotDrinks,Superstore
"Iced Coffee, Cappuccino",1.29,"240 ml, $0.54/100ml",tea_hotDrinks,Superstore
"Hot Apple Cider Mix, Original",5.49,"230 g, $2.39/100g",tea_hotDrinks,Superstore
Pure Black Tea English Breakfast Strong,5.49,"20 ea, $0.27/1ea",tea_hotDrinks,Superstore
Matcha Latte Instant 10,4.99,"250 g, $2.40/100g",tea_hotDrinks,Superstore
Instant Coffee Mix,6.19,"30x18.0 g, $1.15/100g",tea_hotDrinks,Superstore
"Tea, Super Herbal  Camomile & Turmeric with Multivitamins",4.99,"20 ea, $0.25/1ea",tea_hotDrinks,Superstore
Matcha Latte Instant 10,4.99,"250 g, $2.40/100g",tea_hotDrinks,Superstore
Instant Coffee Mix,6.19,"30x18.0 g, $1.15/100g",tea_hotDrinks,Superstore
Fruit Infusion Just Peachy,10.99,"21.6 g, $50.88/100g",tea_hotDrinks,Superstore
"Iced Coffee, Cappuccino",1.29,"240 ml, $0.54/100ml",tea_hotDrinks,Superstore
Herbal Infusion Cold 911 Organic,10.99,"14.4 g, $76.32/100g",tea_hotDrinks,Superstore
Lemon Flavor Black Tea,3.99,"45 g, $8.87/100g",tea_hotDrinks,Superstore
Tea Bags Orange Pekoe,2.49,"200 g, $1.25/100g",tea_hotDrinks,Superstore
Pei Pa Koa,5.49,"150 ml, $3.66/100ml",tea_hotDrinks,Superstore
"Tea, Earl Grey Tea",7.99,"200 g, $4.00/100g",tea_hotDrinks,Superstore
"Iced Coffee, Caramel Macchiato Flavoured With Real Milk And Cream, 5 Servings",4.97,"1.89 l, $0.39/100ml",tea_hotDrinks,Superstore
"Feeling Soothed Peppermint, Ginger & Fennel Herbal Tea",3.49,"20 ea, $0.17/1ea",tea_hotDrinks,Superstore
Lemon tea,1.99,"945 ml, $0.26/100ml",tea_hotDrinks,Superstore
Spiced Apple Herbal Tea,3.49,"40 g, $8.73/100g",tea_hotDrinks,Superstore
Herbal Tea Peppermint Spearmint Caffeine Free,4.99,"32 g, $15.59/100g",tea_hotDrinks,Superstore
Lemon Thriller Herbal Tea,3.49,"20 ea, $8.73/100g",tea_hotDrinks,Superstore
Pure Green Specialty Tea   ,4.99,"24 ea, $0.21/1ea",tea_hotDrinks,Superstore
The Vert Classique,10.99,"80 ea, $0.14/1ea",tea_hotDrinks,Superstore
Peppermint Herbal Cannister Pack,4.99,"20 ea, $0.25/1ea",tea_hotDrinks,Superstore
"Tea, Green  with Roasted Rice (Genmaicha)",5.79,"400 g, $1.45/100g",tea_hotDrinks,Superstore
Malted Chocolate Drink Mix,12.49,"1.2 kg, $1.04/100g",tea_hotDrinks,Superstore
Jasmine Tea,3.99,"200 g, $2.00/100g",tea_hotDrinks,Superstore
20ct Chai,5.49,"20 ea, $0.27/1ea",tea_hotDrinks,Superstore
Cinnamon Rooibos Chai Organic,10.99,"24 g, $45.79/100g",tea_hotDrinks,Superstore
"Iced Coffee, Blue Mountain",1.29,"240 ml, $0.54/100ml",tea_hotDrinks,Superstore
French Vanilla Capp Sachet,6.49,"8 ea, $0.81/1ea",tea_hotDrinks,Superstore
Iced Tea Peach,2.50,"547 ml, $0.46/100ml",tea_hotDrinks,Superstore
Green Tea,5.99,"56 g, $10.70/100g",tea_hotDrinks,Superstore
Black Tea Earl Grey Decaffeinated,7.49,"96 g, $7.80/100g",tea_hotDrinks,Superstore
Loose Black Tea  ,15.99,"900 g, $1.78/100g",tea_hotDrinks,Superstore
Lemon Iced Tea,8.29,"12x340.0 ml, $0.20/100ml",tea_hotDrinks,Superstore
Herbal Tea Iced Passion,8.99,"946 ml, $0.95/100ml",tea_hotDrinks,Superstore
"Tea, Indian Pleasures Premium Assam  Special Blend",11.99,"908 g, $1.32/100g",tea_hotDrinks,Superstore
100ct Earl Grey,15.99,"100 ea, $0.16/1ea",tea_hotDrinks,Superstore
Brisk Lemon Iced Tea,2.50,"591 ml, $0.42/100ml",tea_hotDrinks,Superstore
Lemon Iced Tea With 0.5 Less Sugar,7.49,"715 g, $1.12/100g",tea_hotDrinks,Superstore
Marshmallow Hot Chocolate Sachets,5.29,"250 g, $2.12/100g",tea_hotDrinks,Superstore
"Malted Drink, Classic",5.99,"400 g, $1.50/100g",tea_hotDrinks,Superstore
Jasmine Green Tea,5.99,"56 g, $10.70/100g",tea_hotDrinks,Superstore
"Tea, Masala Chai Black  with Real Spices ",5.99,"182 g, $3.29/100g",tea_hotDrinks,Superstore
"Simply Hot Chocolate, Canister",6.99,"400 g, $1.75/100g",tea_hotDrinks,Superstore
Kiwi Strawberry ,1.99,"945 ml, $0.26/100ml",tea_hotDrinks,Superstore
Creamy Vanilla Earl Grey Tea,5.49,"20 ea, $0.27/1ea",tea_hotDrinks,Superstore
Milky Flavor Tea Uji Matcha,7.99,"375 g, $2.13/100g",tea_hotDrinks,Superstore
"Chinese Teabags, Jasmine",2.99,"25 ea, $0.12/1ea",tea_hotDrinks,Superstore
Naturally Flavoured Black Tea Chai Original,7.49,"96 g, $7.80/100g",tea_hotDrinks,Superstore
Jasmine Flavored Black Tea,3.99,"45 g, $8.87/100g",tea_hotDrinks,Superstore
Zen Tea Bag,5.99,"20 ea, $0.30/1ea",tea_hotDrinks,Superstore
"Tea, Earl Grey",10.99,"500 g, $2.20/100g",tea_hotDrinks,Superstore
Instant Chai Tea Latte Masala Chai Unsweetened,5.49,"160 g, $3.43/100g",tea_hotDrinks,Superstore
Hot Chocolate,5.29,"25 g, $2.12/100g",tea_hotDrinks,Superstore
20ct English Breakfast Decaf,5.49,"20 ea, $0.27/1ea",tea_hotDrinks,Superstore
Cinnamon Apple Spice Herbal Tea,5.29,"20 ea, $0.26/1ea",tea_hotDrinks,Superstore
Super Tea Boost Berry Burst With Vitamin B6,4.99,"20 ea, $0.25/1ea",tea_hotDrinks,Superstore
"Aero S'Mores Hot Chocolate, Envelopes",5.29,"175 g, $3.02/100g",tea_hotDrinks,Superstore
Instant Honey Ginger Drink,3.19,"10x18.0 g, $1.77/100g",tea_hotDrinks,Superstore
Classic Hot Cocoa K-Cup Pods Box,11.99,"10 ea, $119.90/100ea",tea_hotDrinks,Superstore
Organic Blueberry Matcha,13.99,"65 g, $21.52/100g",tea_hotDrinks,Superstore
Peach tea,1.99,"945 ml, $0.26/100ml",tea_hotDrinks,Superstore
Herbal Infusion Mother'S Little Helper Organic,10.99,"21.6 g, $50.88/100g",tea_hotDrinks,Superstore
Bengal Spice Herbal Tea,5.29,"20 ea, $0.26/1ea",tea_hotDrinks,Superstore
Green Tea Naturally Decaffeinated,4.99,"24 ea, $0.21/1ea",tea_hotDrinks,Superstore
Camomile Herbal Tea,2.99,"24 g, $12.46/100g",tea_hotDrinks,Superstore
"Iced Coffee, Mocha Flavoured, With Real Milk And Cream, 5 Servings",4.97,"1.89 l, $0.39/100ml",tea_hotDrinks,Superstore
Tea,8.99,"681 g, $1.32/100g",tea_hotDrinks,Superstore
Dark Roast Black Cold Brew Coffee,5.49,"900 ml, $0.61/100ml",tea_hotDrinks,Superstore
Iced Tea with 50% Less Sugar,7.49,"715 g, $1.12/100g",tea_hotDrinks,Superstore
Moroccan Style Mint Green Tea,3.49,"20 ea, $0.17/1ea",tea_hotDrinks,Superstore
Cold Brew Nitro Black Coffee,2.99,"355 ml, $0.93/100ml",tea_hotDrinks,Superstore
Super Tea immune lemon & Echinacea with Zinc,4.99,"20 ea, $0.25/1ea",tea_hotDrinks,Superstore
Earl Grey Decaffeinated Specialty Cannister Pack,4.99,"24 ea, $0.21/1ea",tea_hotDrinks,Superstore
Vanilla Black Tea,3.19,"20 ea, $0.17/1ea",tea_hotDrinks,Superstore
Raspberry Can,7.49,"12x341.0 ml, $0.18/100ml",tea_hotDrinks,Superstore
Hibiscus White Tea,3.19,"20 ea, $0.17/1ea",tea_hotDrinks,Superstore
Half and Half Iced Tea with Lemonade,1.39,"710 ml, $0.20/100ml",tea_hotDrinks,Superstore
Spice Dragon Red Chai Herbal Tea,4.49,"18 ea, $0.29/1ea",tea_hotDrinks,Superstore
Instant Mushroom Coffee Focus Fuel,19.99,"140 g, $14.28/100g",tea_hotDrinks,Superstore
Organic Dark Hot Chocolate,7.99,"336 g, $2.38/100g",tea_hotDrinks,Superstore
Hot Chocolate Mix,6.99,"450 g, $1.55/100g",tea_hotDrinks,Superstore
20ct Lady Grey,5.49,"20 ea, $0.27/1ea",tea_hotDrinks,Superstore
Individual Tea Bags Sealed For Freshness English Breakfast,15.99,"100 ea, $0.16/1ea",tea_hotDrinks,Superstore
Instant Tea Mix With Natural Flavour White Milk Tea,9.99,"480 g, $2.08/100g",tea_hotDrinks,Superstore
Coffee Mix,2.49,"150 g, $1.66/100g",tea_hotDrinks,Superstore
Instant 3-in-1 Milk Tea,7.49,"30x18.0 g, $1.39/100g",tea_hotDrinks,Superstore
Brisk Lemon Iced Tea,1.50,"1 l, $0.15/100ml",tea_hotDrinks,Superstore
Tea Mixed Berries & Hibiscus,4.99,"40 g, $12.48/100g",tea_hotDrinks,Superstore
Blackberry Iced Tea,1.39,"710 ml, $0.20/100ml",tea_hotDrinks,Superstore
Iced Tea Blood Orange,1.39,"710 ml, $0.20/100ml",tea_hotDrinks,Superstore
"Chai Tea Latte Mix, Masala",5.99,"224 g, $2.67/100g",tea_hotDrinks,Superstore
"Tea, Pomegranate & Raspberry Herbal ",5.49,"20 ea, $0.27/1ea",tea_hotDrinks,Superstore
Sleepytime Vanilla Herbal Tea,5.29,"20 ea, $0.26/1ea",tea_hotDrinks,Superstore
Decaffeinated Earl Grey Premium Flavoured Black Tea,4.99,"48 ea, $0.10/1ea",tea_hotDrinks,Superstore
Lemon Ginger Tea,4.49,"20 ea, $0.26/1ea",tea_hotDrinks,Superstore
Nature~Sm Herbal Tea Regular Strength,6.49,"60 g, $10.82/100g",tea_hotDrinks,Superstore
Superblends Flavoured Herbal Tea Spiced Apple & Vanilla,6.79,"18 ea, $0.38/1ea",tea_hotDrinks,Superstore
Loose Leaf Tea Fruit Infusion Frozen Raspberry,10.99,"50 g, $21.98/100g",tea_hotDrinks,Superstore
Hot Chocolate Sachet,6.49,"8 ea, $0.81/1ea",tea_hotDrinks,Superstore
Black Tea,9.99,"450 g, $2.22/100g",tea_hotDrinks,Superstore
Nature~Sm Herbal Tea Regular Strength,6.49,"60 g, $10.82/100g",tea_hotDrinks,Superstore
Green Tea (Sencha),5.99,"150 g, $3.99/100g",tea_hotDrinks,Superstore
"Tea, Green  with Roasted Rice Genmaicha",4.19,"40 g, $10.48/100g",tea_hotDrinks,Superstore
Organic Green Tea,5.49,"200 g, $3.25/100g",tea_hotDrinks,Superstore
Sleepy Time Tea,7.99,"40 ea, $0.20/1ea",tea_hotDrinks,Superstore
Herbal Tea Clarity Blueberry Ginseng Tea   ,4.99,"20 ea, $0.25/1ea",tea_hotDrinks,Superstore
Wild Sweet Orange Tea,5.99,"20 ea, $0.30/1ea",tea_hotDrinks,Superstore
Brisk Lemonade,1.50,"1 l, $0.15/100ml",tea_hotDrinks,Superstore
"Tea, Naturally Flavoured Matcha Drink Mix ",13.99,"78 g, $17.94/100g",tea_hotDrinks,Superstore
"Jasmine Tea, Tea Bags",3.29,"40 g, $8.23/100g",tea_hotDrinks,Superstore
Original Beverage Mix,7.99,"500 g, $1.60/100g",tea_hotDrinks,Superstore
"Iced Tea Raspberry, 12 cans",8.29,"12x340.0 ml, $0.20/100ml",tea_hotDrinks,Superstore
Instant Ginger Tea Latte With Honey,5.49,"250 g, $2.20/100g",tea_hotDrinks,Superstore
Mint Green Specialty Tea   ,4.99,"24 ea, $0.21/1ea",tea_hotDrinks,Superstore
Loose Black Tea Desh Ka Anokha Swad,14.99,"900 g, $1.67/100g",tea_hotDrinks,Superstore
Chocolatey Chai Herbal Tea,3.49,"20 ea, $0.17/1ea",tea_hotDrinks,Superstore
Maple Rooibos Red Tea,3.19,"20 ea, $0.17/1ea",tea_hotDrinks,Superstore
Super Green Matcha,4.99,"20 ea, $0.25/1ea",tea_hotDrinks,Superstore
"Tea, Honey Lemon Ginseng Green Specialty  ",4.99,"24 ea, $0.21/1ea",tea_hotDrinks,Superstore
Zero Sugar Lemon,7.29,"12x355.0 ml, $0.17/100ml",tea_hotDrinks,Superstore
Earl Grey The Speciaux   ,10.99,"80 ea, $0.14/1ea",tea_hotDrinks,Superstore
Feeling Calm Camomile Citrus Herbal Tea,3.49,"20 ea, $0.17/1ea",tea_hotDrinks,Superstore
Malted Chocolate Drink,5.99,"400 g, $1.50/100g",tea_hotDrinks,Superstore
"Tea, Masala Chai  Bags Special International Blend 100  Bags",7.99,"200 g, $4.00/100g",tea_hotDrinks,Superstore
Antiox Apple Cinnamon & Turmeric With Vitamin C,4.99,"20 g, $0.25/1ea",tea_hotDrinks,Superstore
50ct English Breakfast,6.99,"50 ea, $0.22/1ea",tea_hotDrinks,Superstore
50ct Earl Grey,6.99,"50 ea, $0.22/1ea",tea_hotDrinks,Superstore
Bakri Premium Tea    ,11.99,"907 g, $1.49/100g",tea_hotDrinks,Superstore
Malted Milk Drink,5.99,"400 g, $1.50/100g",tea_hotDrinks,Superstore
Chocolate  Beverage Mix,7.99,"500 g, $1.60/100g",tea_hotDrinks,Superstore
Yorkshire Gold Orange Pekoe Tea,7.99,"80 ea, $0.11/1ea",tea_hotDrinks,Superstore
"Iced Tea, Raspberry",7.29,"2.63 l, $0.28/100ml",tea_hotDrinks,Superstore
"Tea, Lemon & Ginger",4.99,"40 g, $12.48/100g",tea_hotDrinks,Superstore
Takaokaya Japanese Green Tea,2.99,"31 g, $9.65/100g",tea_hotDrinks,Superstore
Superblends Flavoured Herbal Tea Lemon & Ginger,6.79,"18 ea, $0.38/1ea",tea_hotDrinks,Superstore
Orange Pekoe Black Tea,8.49,"685 g, $1.24/100g",tea_hotDrinks,Superstore
Black Tea Cream Of Earl Grey Organic,10.99,"22.8 g, $48.20/100g",tea_hotDrinks,Superstore
20ct Lemon & Ginger,5.49,"20 ea, $0.27/1ea",tea_hotDrinks,Superstore
Classic Black Tea,3.99,"45 g, $8.87/100g",tea_hotDrinks,Superstore
China Green Tea,3.99,"200 g, $2.00/100g",tea_hotDrinks,Superstore
Warmth Cinnamon Spice Herbal Cannister Pack,4.99,"20 ea, $0.25/1ea",tea_hotDrinks,Superstore
"Tea, Twelve Tea Variety Pack",16.49,"120 g, $13.74/100g",tea_hotDrinks,Superstore
Green Tea,4.99,"48 ea, $10.40/100ea",tea_hotDrinks,Superstore
"Chinese Teabags, Iron Buddha",2.99,"25 ea, $0.12/1ea",tea_hotDrinks,Superstore
Hot Chocolate,6.99,"500 g, $1.40/100g",tea_hotDrinks,Superstore
Green Tea Concentrate Green Tea Matcha Latte,8.99,"946 ml, $0.95/100ml",tea_hotDrinks,Superstore
"Tea, Twelve Tea Variety Pack",16.49,"120 g, $13.74/100g",tea_hotDrinks,Superstore
"Tea, Camomile, Honey & Vanilla Herbal ",5.49,"20 ea, $0.27/1ea",tea_hotDrinks,Superstore
Variety Pack Hot Chocolate Envelopes,5.29,"175 g, $3.02/100g",tea_hotDrinks,Superstore
Organic Original Milk Hot Chocolate,7.99,"336 g, $2.38/100g",tea_hotDrinks,Superstore
Steeped Tea Orange Pekoe Blend 12 K-Cup Pods,11.49,"12 ea, $1.08/1ea",tea_hotDrinks,Superstore
Green Tea with Honey,2.50,"547 ml, $0.46/100ml",tea_hotDrinks,Superstore
Peach Iced Tea,1.39,"710 ml, $0.20/100ml",tea_hotDrinks,Superstore
"Chinese Teabags, Iron Buddha",2.99,"25 ea, $0.12/1ea",tea_hotDrinks,Superstore
Cardamom Chai Black Tea With Real Cardamom ,5.99,"182 g, $3.29/100g",tea_hotDrinks,Superstore
Hot Chocolate,6.99,"500 g, $1.40/100g",tea_hotDrinks,Superstore
Oolong Tea,3.99,"200 g, $2.00/100g",tea_hotDrinks,Superstore
Chamomile,6.49,"130 g, $4.99/100g",tea_hotDrinks,Superstore
Rooibos Vanilla Specialty Tea,4.99,"20 ea, $0.25/1ea",tea_hotDrinks,Superstore
Hot Beverage Sachet,10.49,"24 ea, $0.44/1ea",tea_hotDrinks,Superstore
Green Tea Concentrate Green Tea Matcha Latte,8.99,"946 ml, $0.95/100ml",tea_hotDrinks,Superstore
"Bakri Tea Bags, Orange Pekoe",13.49,"681 g, $1.98/100g",tea_hotDrinks,Superstore
"Orange Pekoe, Loose Tea",5.99,"420 g, $1.43/100g",tea_hotDrinks,Superstore
English Tea,7.99,"200 g, $4.00/100g",tea_hotDrinks,Superstore
Fruit Infusion Forever Nuts,10.99,"30 g, $36.63/100g",tea_hotDrinks,Superstore
Milk Tea,4.99,"1.5 l, $0.33/100ml",tea_hotDrinks,Superstore
Lemon Real Brewed Tea,2.50,"547 ml, $0.46/100ml",tea_hotDrinks,Superstore
Herbal Tea Live Bold Cinnamon Chai Rooibos,4.99,"40 g, $12.48/100g",tea_hotDrinks,Superstore
Dark Chocolate Peppermint Candy Hot Cocoa Mix,4.99,"500 g, $1.00/100g",tea_hotDrinks,Superstore
Jasmine Green Tea,5.49,"150 g, $3.66/100g",tea_hotDrinks,Superstore
"Iced Tea, Lemon    ",13.99,"24x341.0 ml, $0.17/100ml",tea_hotDrinks,Superstore
Red Label Black Tea,12.99,"900 g, $1.44/100g",tea_hotDrinks,Superstore
"Pacific White Shrimp Raw Peeled, Large",10.99,"400 g, $2.75/100g",shrimp,Superstore
Pacific White Shrimp Cooked Peeled,10.99,"400 g, $2.75/100g",shrimp,Superstore
Pacific White Shrimp Raw 16-20/LB,7.49,"300 g, $2.50/100g",shrimp,Superstore
Tom Kha Butterflied Black Tiger Shrimp,15.00,"360 g, $4.17/100g",shrimp,Superstore
Pacific White Shrimp,6.99,"300 g, $2.33/100g",shrimp,Superstore
Zipperback Pacific White Shrimp Raw,8.99,"400 g, $2.25/100g",shrimp,Superstore
Cooked Shrimp,6.99,"300 g, $2.33/100g",shrimp,Superstore
Sweet & Smoky Barbecue Butterflied Black Tiger Shrimp ,15.00,"360 g, $4.17/100g",shrimp,Superstore
Salad Shrimp,11.99,"454 g, $2.64/100g",shrimp,Superstore
Thai Basil Shrimp Spring Rolls,10.99,"294 g, $3.74/100g",shrimp,Superstore
Mango & Calamansi Citrus Grilling Raw Shrimp Skewers,11.99,"360 g, $3.33/100g",shrimp,Superstore
"Raw Wild Shrimp, Easy Peel",9.99,"300 g, $3.33/100g",shrimp,Superstore
Lime and Chili Grilling Raw Shrimp Skewers,11.99,"360 g, $3.33/100g",shrimp,Superstore
Raw Shrimp Deveined 16/20,13.99,"680 g, $2.06/100g",shrimp,Superstore
Wild Atlantic Cold Water Shrimp Cooked Peeled ,12.99,"340 g, $3.82/100g",shrimp,Superstore
Raw Shrimp,10.99,"340 g, $3.23/100g",shrimp,Superstore
Whole Breaded Popcorn Shrimp ,10.00,"800 g, $1.25/100g",shrimp,Superstore
Shrimp Ring,7.00,"227 g, $3.08/100g",shrimp,Superstore
Pacific White Shrimp Cooked,7.49,"300 g, $2.50/100g",shrimp,Superstore
Shrimp Ring,12.99,"454 g, $2.86/100g",shrimp,Superstore
Crispy Shrimp Fine Hors D'Oeuvre Trio,8.99,"528 g, $1.70/100g",shrimp,Superstore
Black Tiger Shrimp Raw Gigantico,12.99,"400 g, $3.25/100g",shrimp,Superstore
Pacific White Shrimp Platter with Mild Cocktail Sauce,19.99,"568 g, $3.52/100g",shrimp,Superstore
Pacific White Shrimp Pieces,12.99,"680 g, $1.91/100g",shrimp,Superstore
Pacific White Shrimp Cooked Peeled Responsibly Farmed Jumbo ,16.99,"400 g, $4.25/100g",shrimp,Superstore
Pacific White Shrimp Raw,7.49,"300 g, $2.50/100g",shrimp,Superstore
Pacific White Shrimp Raw Zipperback Large ,25.00,"1.5 kg, $1.67/100g",shrimp,Superstore
Organics Peeled Raw Black Tiger Shrimp,13.99,"300 g, $4.66/100g",shrimp,Superstore
"Pacific White Shrimp Cooked, Club Size",13.99,"680 g, $2.06/100g",shrimp,Superstore
Pacific White Shrimp,12.99,"680 g, $1.91/100g",shrimp,Superstore
Head On White Shrimp,8.99,"454 g, $1.98/100g",shrimp,Superstore
Zipperback Colossal Raw Freshwater Shrimp,19.99,"454 g, $4.40/100g",shrimp,Superstore
"Shrimp, Cooked",30.00,"1.5 kg, $2.00/100g",shrimp,Superstore
Wild Argentinian Shrimp Platter with Creamy Citrus Herb Sauce,20.99,"400 g, $5.25/100g",shrimp,Superstore
"Hoso Shrimp, Cooked",7.99,"400 g, $2.00/100g",shrimp,Superstore
Wild Caught Argentinian Shrimp,9.99,"300 g, $3.33/100g",shrimp,Superstore
Shrimp & Surimi Balls,6.99,"650 g, $1.08/100g",shrimp,Superstore
Organics Cooked Black Tiger Shrimp,20.00,"340 g, $5.88/100g",shrimp,Superstore
Raw HOSO Thai White Shrimp,6.99,"340 g, $2.06/100g",shrimp,Superstore
"Raw White Shrimp, Headless",23.57,$28.64/1kg $12.99/1lb,shrimp,Superstore
"Cooked Shrimp Tail, 31-40 ct",7.07,$25.99/1kg $11.79/1lb,shrimp,Superstore
Herb & Garlic Marinated Mussels ,4.99,"250 ml, $2.00/100g",shrimp,Superstore
Peeled Shrimp,11.99,"400 g, $3.00/100g",shrimp,Superstore
Select Shrimp Herb & Garlic Marinated ,7.99,"212 g, $3.20/100ml",shrimp,Superstore
Argentinian Shrimp,10.99,"300 g, $3.66/100g",shrimp,Superstore
Select Seafood Salad Marinated   ,7.99,"212 g, $3.20/100ml",shrimp,Superstore
Prev Frzn Cooked Shrimp,8.29,"227 g, $3.65/100g",shrimp,Superstore
"Shrimp, Fresh Peeled",3.54,$19.82/1kg $8.99/1lb,shrimp,Superstore
Jumbo Shrimp,10.35,$29.74/1kg $13.49/1lb,shrimp,Superstore
"Fresh Water Shrimp, Previously Frozen",11.83,$48.48/1kg $22.00/1lb,shrimp,Superstore
Raw Shrimp P&D Tail On 16/20,35.25,"1360 g, $2.59/100g",shrimp,Superstore
Select Shrimp Spicy Jalapeño Marinated,7.99,"250 ml, $3.20/100ml",shrimp,Superstore
"Pacific White Shrimp Raw Peeled, Large",10.99,"400 g, $2.75/100g",fish,Superstore
Pacific White Shrimp Cooked Peeled,10.99,"400 g, $2.75/100g",fish,Superstore
Pacific White Shrimp Raw 16-20/LB,7.49,"300 g, $2.50/100g",fish,Superstore
Tom Kha Butterflied Black Tiger Shrimp,15.00,"360 g, $4.17/100g",fish,Superstore
Pacific White Shrimp,6.99,"300 g, $2.33/100g",fish,Superstore
Zipperback Pacific White Shrimp Raw,8.99,"400 g, $2.25/100g",fish,Superstore
Cooked Shrimp,6.99,"300 g, $2.33/100g",fish,Superstore
Sweet & Smoky Barbecue Butterflied Black Tiger Shrimp ,15.00,"360 g, $4.17/100g",fish,Superstore
Salad Shrimp,11.99,"454 g, $2.64/100g",fish,Superstore
Thai Basil Shrimp Spring Rolls,10.99,"294 g, $3.74/100g",fish,Superstore
Mango & Calamansi Citrus Grilling Raw Shrimp Skewers,11.99,"360 g, $3.33/100g",fish,Superstore
"Raw Wild Shrimp, Easy Peel",9.99,"300 g, $3.33/100g",fish,Superstore
Lime and Chili Grilling Raw Shrimp Skewers,11.99,"360 g, $3.33/100g",fish,Superstore
Raw Shrimp Deveined 16/20,13.99,"680 g, $2.06/100g",fish,Superstore
Wild Atlantic Cold Water Shrimp Cooked Peeled ,12.99,"340 g, $3.82/100g",fish,Superstore
Raw Shrimp,10.99,"340 g, $3.23/100g",fish,Superstore
Whole Breaded Popcorn Shrimp ,10.00,"800 g, $1.25/100g",fish,Superstore
Shrimp Ring,7.00,"227 g, $3.08/100g",fish,Superstore
Pacific White Shrimp Cooked,7.49,"300 g, $2.50/100g",fish,Superstore
Shrimp Ring,12.99,"454 g, $2.86/100g",fish,Superstore
Crispy Shrimp Fine Hors D'Oeuvre Trio,8.99,"528 g, $1.70/100g",fish,Superstore
Black Tiger Shrimp Raw Gigantico,12.99,"400 g, $3.25/100g",fish,Superstore
Pacific White Shrimp Platter with Mild Cocktail Sauce,19.99,"568 g, $3.52/100g",fish,Superstore
Pacific White Shrimp Pieces,12.99,"680 g, $1.91/100g",fish,Superstore
Pacific White Shrimp Cooked Peeled Responsibly Farmed Jumbo ,16.99,"400 g, $4.25/100g",fish,Superstore
Pacific White Shrimp Raw,7.49,"300 g, $2.50/100g",fish,Superstore
Pacific White Shrimp Raw Zipperback Large ,25.00,"1.5 kg, $1.67/100g",fish,Superstore
Organics Peeled Raw Black Tiger Shrimp,13.99,"300 g, $4.66/100g",fish,Superstore
"Pacific White Shrimp Cooked, Club Size",13.99,"680 g, $2.06/100g",fish,Superstore
Pacific White Shrimp,12.99,"680 g, $1.91/100g",fish,Superstore
Head On White Shrimp,8.99,"454 g, $1.98/100g",fish,Superstore
Zipperback Colossal Raw Freshwater Shrimp,19.99,"454 g, $4.40/100g",fish,Superstore
"Shrimp, Cooked",30.00,"1.5 kg, $2.00/100g",fish,Superstore
Wild Argentinian Shrimp Platter with Creamy Citrus Herb Sauce,20.99,"400 g, $5.25/100g",fish,Superstore
"Hoso Shrimp, Cooked",7.99,"400 g, $2.00/100g",fish,Superstore
Wild Caught Argentinian Shrimp,9.99,"300 g, $3.33/100g",fish,Superstore
Shrimp & Surimi Balls,6.99,"650 g, $1.08/100g",fish,Superstore
Organics Cooked Black Tiger Shrimp,20.00,"340 g, $5.88/100g",fish,Superstore
Raw HOSO Thai White Shrimp,6.99,"340 g, $2.06/100g",fish,Superstore
"Raw White Shrimp, Headless",23.57,$28.64/1kg $12.99/1lb,fish,Superstore
"Cooked Shrimp Tail, 31-40 ct",7.07,$25.99/1kg $11.79/1lb,fish,Superstore
Herb & Garlic Marinated Mussels ,4.99,"250 ml, $2.00/100g",fish,Superstore
Peeled Shrimp,11.99,"400 g, $3.00/100g",fish,Superstore
Select Shrimp Herb & Garlic Marinated ,7.99,"212 g, $3.20/100ml",fish,Superstore
Argentinian Shrimp,10.99,"300 g, $3.66/100g",fish,Superstore
Select Seafood Salad Marinated   ,7.99,"212 g, $3.20/100ml",fish,Superstore
Prev Frzn Cooked Shrimp,8.29,"227 g, $3.65/100g",fish,Superstore
"Shrimp, Fresh Peeled",3.54,$19.82/1kg $8.99/1lb,fish,Superstore
Jumbo Shrimp,10.35,$29.74/1kg $13.49/1lb,fish,Superstore
"Fresh Water Shrimp, Previously Frozen",11.83,$48.48/1kg $22.00/1lb,fish,Superstore
Raw Shrimp P&D Tail On 16/20,35.25,"1360 g, $2.59/100g",fish,Superstore
Select Shrimp Spicy Jalapeño Marinated,7.99,"250 ml, $3.20/100ml",fish,Superstore
Club Size Fresh Atlantic Salmon,32.77,$33.07/1kg $15.00/1lb,salmon,Superstore
Pink Salmon Fillets,7.99,"400 g, $2.00/100g",salmon,Superstore
Salmon,10.00,"700 g, $1.43/100g",salmon,Superstore
Pink Salmon,7.99,"400 g, $2.00/100g",salmon,Superstore
"Farmed Atlantic Salmon Fillet, Fresh",11.35,$37.46/1kg $17.00/1lb,salmon,Superstore
Skin-On Boneless Wild Pink Salmon Portions,10.00,"650 g, $1.54/100g",salmon,Superstore
Pink Salmon Fillets,17.99,"1 kg, $1.80/100g",salmon,Superstore
Frozen Steelhead Trout Fillets,14.76,$28.64/1kg $12.99/1lb,salmon,Superstore
"Wild Sockeye Salmon Fillet, Previously Frozen",16.89,$35.27/1kg $16.00/1lb,salmon,Superstore
"Whole Wild Pink Salmon, Frozen",8.73,$6.61/1kg $3.00/1lb,salmon,Superstore
"Coho Salmon Fillets, Previously Frozen",14.50,$30.86/1kg $14.00/1lb,salmon,Superstore
Fresh Atlantic Salmon Portions,4.99,"1 ea, $4.99/1ea",salmon,Superstore
Wild Sockeye Salmon,12.99,"260 g, $5.00/100g",salmon,Superstore
Fresh Farmed Steelhead Fillet,14.64,$3.53/100g $35.25/1kg,salmon,Superstore
"Farmed Atlantic Salmon Steak, Fresh",12.34,$35.25/1kg $15.99/1lb,salmon,Superstore
Whole Fresh Pink Salmon,7.92,$9.90/1kg $4.49/1lb,salmon,Superstore
"Wild Whole Sockeye Salmon, Previously Frozen",25.45,$17.61/1kg $7.99/1lb,salmon,Superstore
Frozen Whole Sockeye Headless & Gutted,17.35,$17.61/1kg $7.99/1lb,salmon,Superstore
Pink Salmon Headless,7.03,$7.25/1kg $3.29/1lb,salmon,Superstore
Catch of the Day Salmon Fillets,16.79,"680 g, $2.47/100g",salmon,Superstore
Trident Sockeye Salmon,24.27,$33.71/1kg $15.29/1lb,salmon,Superstore
"Fresh Steelhead Trout Fillet, Club Pack",24.75,$33.05/1kg $15.00/1lb,salmon,Superstore
Sockeye Salmon Collar Belly,6.44,$8.80/1kg $3.99/1lb,salmon,Superstore
"Veggie Hot Dogs, Family Pack",6.49,"450 g, $1.44/100g",plantBasedMeat,Superstore
Veggie Ham Slices,4.49,"155 g, $2.90/100g",plantBasedMeat,Superstore
"Veggie Ground Round, Original",5.99,"340 g, $1.76/100g",plantBasedMeat,Superstore
Veggie Turkey Slices,4.49,"155 g, $2.90/100g",plantBasedMeat,Superstore
Good Veggie Burger,6.49,"300 g, $2.16/100g",plantBasedMeat,Superstore
Smart Dogs Plant-Based Vegan Hot Dogs,4.99,"340 g, $1.47/100g",plantBasedMeat,Superstore
"Ground Round, Club Pack",14.99,"1248 g, $1.20/100g",plantBasedMeat,Superstore
"Veggie Ground Round, Mexican",5.99,"340 g, $1.76/100g",plantBasedMeat,Superstore
"Veggie Sausages, Spicy Italian",5.99,"380 g, $1.58/100g",plantBasedMeat,Superstore
Veggie Bacon Strips,5.99,"156 g, $3.84/100g",plantBasedMeat,Superstore
Original Organic Plant-Based Tempeh,5.99,"227 g, $2.64/100g",plantBasedMeat,Superstore
Smart Bacon Plant-Based Vegan Bacon Strips,5.49,"142 g, $3.87/100g",plantBasedMeat,Superstore
Tempeh,5.49,"198 g, $2.77/100g",plantBasedMeat,Superstore
"Veggie Ground Round, Italian",5.99,"340 g, $1.76/100g",plantBasedMeat,Superstore
"Vegetarian Deli Slices, Hickory Smoked",5.79,"156 g, $3.71/100g",plantBasedMeat,Superstore
Italiana Vegan Sausage,6.37,"350 g, $1.82/100g",plantBasedMeat,Superstore
Bacon Maple Flavour Tempeh,5.49,"198 g, $2.77/100g",plantBasedMeat,Superstore
Original Veggie Patty,6.00,"400 g, $1.50/100g",plantBasedMeat,Superstore
Caulicrumble Veg Grounds,6.00,"340 g, $1.76/100g",plantBasedMeat,Superstore
"Vegan Sausage, Smoked Paprika",6.37,"350 g, $1.82/100g",plantBasedMeat,Superstore
Organic Plant-Based Smoky Tempeh Bacon Strips,6.49,"170 g, $3.82/100g",plantBasedMeat,Superstore
Chicken      ,6.29,"227 g, $2.77/100g",plantBasedMeat,Superstore
Classic Smoked Frankfurter Plant-Based Sausage,7.49,"340 g, $2.20/100g",plantBasedMeat,Superstore
Smart Ground Original Plant-Based Beef,4.99,"340 g, $1.47/100g",plantBasedMeat,Superstore
Veggie Sausages Mediterranean Harissa,8.49,"400 g, $2.12/100g",plantBasedMeat,Superstore
Italian Garlic & Fennel Plant-Based Sausage,7.99,"368 g, $2.17/100g",plantBasedMeat,Superstore
Veggie Chicken Nuggets,6.49,"200 g, $3.25/100g",plantBasedMeat,Superstore
Apple Sausage,7.99,"368 g, $2.17/100g",plantBasedMeat,Superstore
Mighty Mushroom Bites,6.00,"300 g, $2.00/100g",plantBasedMeat,Superstore
Superfood Breakfast Bites,6.00,"300 g, $2.00/100g",plantBasedMeat,Superstore
Smart Tenders Plant-Based Chicken,6.49,"175 g, $3.71/100g",plantBasedMeat,Superstore
Big Brat Veggie Links,6.00,"300 g, $2.00/100g",plantBasedMeat,Superstore
"Teriyaki Tempeh Cubes, Plant-Based Vegan Protein",6.99,"170 g, $4.11/100g",plantBasedMeat,Superstore
Fiesta Veggie Links,6.00,"300 g, $2.00/100g",plantBasedMeat,Superstore
No-Chicken Strips,6.99,"200 g, $3.50/100g",plantBasedMeat,Superstore
Broccoli Boost Veggie Grounds ,6.00,"340 g, $1.76/100g",plantBasedMeat,Superstore
Thick Slices Bread,2.99,"675 g, $0.44/100g",bread,Superstore
White Baguette,1.00,"255 g, $0.39/100g",bread,Superstore
14 Grains Bread,3.49,"600 g, $0.58/100g",bread,Superstore
"Bread, French",1.25,"450 g, $0.28/100g",bread,Superstore
"Sourdough Loaf, Sliced",3.00,"675 g, $0.44/100g",bread,Superstore
100% Whole Wheat Bread,1.99,"520 g, $0.38/100g",bread,Superstore
Original Bread,1.99,"520 g, $0.38/100g",bread,Superstore
Ancient Grains & Red Fife Bread,3.49,"600 g, $0.58/100g",bread,Superstore
Thick Slice Bread 100% Whole Wheat ,2.99,"675 g, $0.44/100g",bread,Superstore
Sourdough Bread Boule,3.00,"675 g, $0.44/100g",bread,Superstore
Protein Bread,3.49,"600 g, $0.58/100g",bread,Superstore
Cinnamon Raisin Bread,3.49,"600 g, $0.58/100g",bread,Superstore
Sourdough Sliced Miche,5.29,"800 g, $0.66/100g",bread,Superstore
White Bread,3.49,"570 g, $0.61/100g",bread,Superstore
100% Whole Wheat Bread,3.79,"675 g, $0.56/100g",bread,Superstore
Stone Milled Whole Wheat Bread,3.49,"600 g, $0.58/100g",bread,Superstore
White Miche Sliced,5.29,"800 g, $0.66/100g",bread,Superstore
Quinoa Flax Bread,3.49,"600 g, $0.58/100g",bread,Superstore
White Bread,2.79,"450 g, $0.62/100g",bread,Superstore
Whole Grains Bread No Sugar Added,3.49,"600 g, $0.58/100g",bread,Superstore
"French Bread, Crusty Unsliced",1.25,"450 g, $0.28/100g",bread,Superstore
Everything Bread,3.49,"600 g, $0.58/100g",bread,Superstore
Whole Wheat Bread,3.49,"570 g, $0.61/100g",bread,Superstore
Whole Wheat Baguette,1.00,"255 g, $0.39/100g",bread,Superstore
"Sourdough Bread, Sliced",3.00,"675 g, $0.44/100g",bread,Superstore
"Bread, White + Fibre",3.49,"570 g, $0.61/100g",bread,Superstore
Thick Sliced Brioche-Style Loaf,2.99,"620 g, $0.48/100g",bread,Superstore
Whole Wheat Bread,2.79,"450 g, $0.62/100g",bread,Superstore
Sourdough Loaf,3.49,"650 g, $0.54/100g",bread,Superstore
Sliced Brioche Bread,6.49,"500 g, $1.30/100g",bread,Superstore
Ready to Bake Garlic Toast,3.99,"638 g, $0.63/100g",bread,Superstore
Bread Original Swedish Style Light Rye,4.49,"680 g, $0.66/100g",bread,Superstore
Bread Cheese,5.49,"450 g, $1.22/100g",bread,Superstore
Organic Multigrain Sprouted Bread,5.49,"680 g, $0.81/100g",bread,Superstore
Brioche Loaf,5.99,"400 g, $1.50/100g",bread,Superstore
White Crustless Bread Tramezzini,4.79,"250 g, $1.92/100g",bread,Superstore
Multigrain Miche Sliced,5.29,"600 g, $0.88/100g",bread,Superstore
"7 Grain Bread, Sliced",3.29,"570 g, $0.73/100g",bread,Superstore
Multigrain Loaf,7.99,"480 g, $1.66/100g",bread,Superstore
Red Pepper & Tomato Ciabatta,2.99,"225 g, $1.33/100g",bread,Superstore
Cinnamon Raisin Bread Extra Thick,5.49,"675 g, $0.81/100g",bread,Superstore
The Big 16,5.49,"615 g, $0.89/100g",bread,Superstore
Garlic Toast,4.49,"555 g, $0.81/100g",bread,Superstore
Ready Bake Garlic Bread,2.59,"284 g, $0.91/100g",bread,Superstore
Bread Amazing Grain,3.99,"450 g, $0.89/100g",bread,Superstore
Bread Cinnamon Raisin Gluten Free,9.49,"550 g, $1.73/100g",bread,Superstore
100% Whole Grain Bread,5.29,"709 g, $0.75/100g",bread,Superstore
Ciabatta Cluster,3.99,"400 g, $1.00/100g",bread,Superstore
Bread Seeded,9.99,"544 g, $1.84/100g",bread,Superstore
Ready Bake Garlic Toast Texas-Style Bread,5.29,"16x40.0 g, $0.83/100g",bread,Superstore
Demi Baguette BYO,6.49,"400 g, $1.62/100g",bread,Superstore
"Pumpernickel Bread Boule, Unsliced",3.00,"675 g, $0.44/100g",bread,Superstore
Ready to bake - All-Butter Croissants,5.99,"312 g, $1.92/100g",bread,Superstore
"Bread, Whole Wheat  Unsliced Club Pack",6.49,"1.8 kg, $0.36/100g",bread,Superstore
"Oval Pumpernickel Bread, Sliced",3.00,"675 g, $0.44/100g",bread,Superstore
Klosterbrot Bread,5.49,"454 g, $1.21/100g",bread,Superstore
Brioche Loaf Authentic Brioche,8.49,"400 g, $2.12/100g",bread,Superstore
Little Big Bread,5.49,"430 g, $1.28/100g",bread,Superstore
Ciabatta Lunga,3.99,"390 g, $1.02/100g",bread,Superstore
Harvest Grain Bread,4.29,"450 g, $0.95/100g",bread,Superstore
Rosemary Focaccia Triangle,6.99,"800 g, $0.87/100g",bread,Superstore
Harvest Grain Italian Oval ,4.29,"454 g, $0.94/100g",bread,Superstore
100% Whole Wheat Loaf,4.49,"450 g, $1.00/100g",bread,Superstore
Sliced Loaf White Bean & Millet Seed,8.49,"500 g, $1.70/100g",bread,Superstore
"Italian Bread, Multi-grain  Sliced",4.29,"450 g, $0.95/100g",bread,Superstore
Cinnamon & Raisin Bread,8.49,"482 g, $1.76/100g",bread,Superstore
Rustic Italian Oval,4.49,"350 g, $1.28/100g",bread,Superstore
Pepperoni Pizza,17.99,"320 g, $5.62/100g",bread,Superstore
Ciabatta Demi ,3.79,"450 g, $0.84/100g",bread,Superstore
Light Rye Bread,2.94,"500 g, $0.59/100g",bread,Superstore
Frozen Bread Dough White,10.49,"445 g, $2.36/100g",bread,Superstore
Sesame Bread Thick Sliced,2.99,"675 g, $0.44/100g",bread,Superstore
Garlic Bread,3.49,"325 g, $1.07/100g",bread,Superstore
Ready To Bake All Butter Pains Au Chocolat,5.99,"320 g, $1.87/100g",bread,Superstore
Yorkshire Pudding,4.49,"185 g, $2.43/100g",bread,Superstore
Bakery No-Pocket Pita 5 Pitas,2.49,"515 g, $0.48/100g",bread,Superstore
Bread White Gluten Free ,9.49,"550 g, $1.73/100g",bread,Superstore
100% Whole Grains 12 Grain Bread,4.29,"600 g, $0.72/100g",bread,Superstore
Light Rye Bread,4.00,"900 g, $0.44/100g",bread,Superstore
Squirrelly Bread,5.49,"600 g, $0.92/100g",bread,Superstore
Artesano™ Original White Bread,3.99,"540 g, $0.74/100g",bread,Superstore
White Oval,3.79,"454 g, $0.83/100g",bread,Superstore
"12 Grain Bread, Sliced",3.29,"450 g, $0.73/100g",bread,Superstore
Gluten Free Millet & Quinoa,5.69,"454 g, $1.25/100g",bread,Superstore
Cheddar & Onion Demi Baguette,3.19,"200 g, $1.60/100g",bread,Superstore
"Organic Sprouted Bread, Soft Wheat",5.49,"680 g, $0.81/100g",bread,Superstore
Cranberry Focaccia ,6.79,"510 g, $1.33/100g",bread,Superstore
Holzofen Bread,7.99,"1.36 kg, $0.59/100g",bread,Superstore
"Pumpernickel Loaf, Sliced",3.00,"675 g, $0.44/100g",bread,Superstore
Soft White Loaf,8.49,"480 g, $1.77/100g",bread,Superstore
Seeds & Grains Bread,8.49,"482 g, $1.76/100g",bread,Superstore
"Texas Toast Bread, 100% Whole Wheat",3.49,"570 g, $0.61/100g",bread,Superstore
Ready Bake Garlic Parmesan Toast Texas-Style Bread,5.29,"16x40.0 g, $0.83/100g",bread,Superstore
Ready To Bake All-Butter Raspberry-Filled Croissants ,5.99,"360 g, $1.66/100g",bread,Superstore
"Sprouted Organic Ancient Grains, Big Red's Bread",5.49,"510 g, $1.08/100g",bread,Superstore
"Chia Bread, Sliced",4.79,"450 g, $1.06/100g",bread,Superstore
White Bread Unsliced Club Pack,6.49,"1.8 kg, $0.36/100g",bread,Superstore
Roasted Garlic Oval,3.79,"398 g, $0.95/100g",bread,Superstore
Sesame Baguette,3.99,"325 g, $1.23/100g",bread,Superstore
Sourdough Baguette,3.99,"380 g, $1.05/100g",bread,Superstore
"Sprouted Power, Omegamazing Grain Bread, Filled with Flax and Chia Seeds",5.49,"600 g, $0.92/100g",bread,Superstore
Bread U.F. Oat,9.99,"544 g, $1.84/100g",bread,Superstore
Olive Ciabatta,2.99,"225 g, $1.33/100g",bread,Superstore
Multigrain Ciabatta Demi,2.99,"275 g, $1.09/100g",bread,Superstore
Classico Italian Style Thick Slice White Bread,3.99,"510 g, $0.78/100g",bread,Superstore
Bread Whole Grain Gluten Free,8.99,"567 g, $1.59/100g",bread,Superstore
Harvest Grain Italian Baguette,3.99,"380 g, $1.05/100g",bread,Superstore
Bread Seeded Gluten Free,9.49,"550 g, $1.73/100g",bread,Superstore
100% Whole Wheat Loaf,4.49,"450 g, $1.00/100g",bread,Superstore
Prebiotic Multigrain Bread,3.39,"10x454.0 g, $0.75/100g",bread,Superstore
Millet & Chia Bread,8.49,"454 g, $1.87/100g",bread,Superstore
Bread  White ,9.99,"544 g, $1.84/100g",bread,Superstore
Bread Cinnamon Raisin Sliced,4.29,"550 g, $0.78/100g",bread,Superstore
Seeds and Grains Bread,3.49,"600 g, $0.58/100g",bread,Superstore
"Italian Tipo ""OO"" Flour Pizza Dough",2.99,"560 g, $0.53/100g",bread,Superstore
100% Whole Grains Multigrain Bread,4.29,"600 g, $0.72/100g",bread,Superstore
100% Whole Wheat Sandwich Bread,4.00,"900 g, $0.44/100g",bread,Superstore
White Texas Sandwich Bread,3.49,"570 g, $0.61/100g",bread,Superstore
Gluten Free White Bread,5.69,"454 g, $1.25/100g",bread,Superstore
Three Cheese Oval,5.39,"454 g, $1.19/100g",bread,Superstore
Whole Wheat Crustless Bread Tramezzini,4.79,"250 g, $1.92/100g",bread,Superstore
Thin Sliced Whole Wheat Sandwich,3.49,"570 g, $0.61/100g",bread,Superstore
Country Alps Bread,4.29,"450 g, $0.95/100g",bread,Superstore
Delicious Gluten Free Loaf White Wide Slice,8.99,"567 g, $1.59/100g",bread,Superstore
Sweet Hawaiian Wide Slice,8.99,"539 g, $1.67/100g",bread,Superstore
"Multigrain Flatbread, Plain",6.79,"405 g, $1.68/100g",bread,Superstore
Unbread Loaf,9.99,"520 g, $1.92/100g",bread,Superstore
"Ancient Grain Bread, Sliced",3.29,"560 g, $0.59/100g",bread,Superstore
Thin Sliced White Sandwich Bread,3.49,"570 g, $0.61/100g",bread,Superstore
Rosemary Focaccia,5.49,"560 g, $0.98/100g",bread,Superstore
Bread 100% Whole Grains Ancient Grains with Quinoa ,4.29,"600 g, $0.72/100g",bread,Superstore
Deli World White Sandwich Bread,4.00,"900 g, $0.44/100g",bread,Superstore
White Bread,3.79,"570 g, $0.66/100g",bread,Superstore
Garlic Oval,5.79,"454 g, $1.28/100g",bread,Superstore
White Demi Baguette,2.99,"200 g, $1.50/100g",bread,Superstore
Bread Brizzolio Extra Soft Thick Slice,2.99,"600 g, $0.50/100g",bread,Superstore
Cranberry & Oats Loaf,3.49,"600 g, $0.58/100g",bread,Superstore
Italian Garlic Bread,2.99,"500 g, $0.60/100g",bread,Superstore
Natural Old Fashioned Brown Sugar,3.79,"1 kg, $0.38/100g",bakingEssentials,Superstore
Large Marshmallows,2.47,"400 g, $0.70/100g",bakingEssentials,Superstore
Baking Soda,1.99,"500 g, $0.40/100g",bakingEssentials,Superstore
Granulated White Sugar,3.27,"2 kg, $0.16/100g",bakingEssentials,Superstore
"Chipits Milk Chocolate Chips, 250G",3.44,"250 g, $1.92/100g",bakingEssentials,Superstore
Granulated White Sugar,5.49,"4 kg, $0.14/100g",bakingEssentials,Superstore
The Decadent Semi-Sweet Chocolate Chips,3.49,"300 g, $1.16/100g",bakingEssentials,Superstore
All-Purpose Flour,3.77,"2.5 kg, $0.15/100g",bakingEssentials,Superstore
Mini Marshmallows,2.79,"400 g, $0.70/100g",bakingEssentials,Superstore
Pure Pumpkin,6.79,"796 ml, $0.85/100ml",bakingEssentials,Superstore
"Chipits Pure Semi-Sweet Chocolate Chips, 270G",3.44,"270 g, $1.77/100g",bakingEssentials,Superstore
The Decadent Milk Chocolate Chips,3.49,"270 g, $1.29/100g",bakingEssentials,Superstore
Extra-Fluffy Buttermilk Pancake & Waffle Mix,3.29,"905 g, $0.36/100g",bakingEssentials,Superstore
All-Purpose Flour,11.97,"10 kg, $0.12/100g",bakingEssentials,Superstore
The Decadent Semi-Sweet Mini Chocolate Chips,3.49,"300 g, $1.16/100g",bakingEssentials,Superstore
Vanilla Instant Pudding Mix,1.29,"102 g, $1.26/100g",bakingEssentials,Superstore
Original All Purpose Flour,6.49,"2.5 kg, $0.26/100g",bakingEssentials,Superstore
Icing Sugar,3.79,"1 kg, $0.38/100g",bakingEssentials,Superstore
Super Moist Cake Mix Rainbow Bits,2.29,"375 g, $0.61/100g",bakingEssentials,Superstore
"Strawberry Jelly Powder, Gelatin Mix",1.29,"85 g, $1.52/100g",bakingEssentials,Superstore
Super Moist Cake Mix Devil's Food,2.29,"375 g, $0.61/100g",bakingEssentials,Superstore
Gluten-Free Corn Starch,4.49,"454 g, $0.99/100g",bakingEssentials,Superstore
Original Extra-Fluffy Pancake And Waffle Mix,3.29,"905 g, $0.36/100g",bakingEssentials,Superstore
S'mores Kit,8.79,"600 g, $1.47/100g",bakingEssentials,Superstore
Super Moist Cake Mix French Vanilla,2.29,"375 g, $0.61/100g",bakingEssentials,Superstore
Baking Powder,5.49,"450 g, $1.22/100g",bakingEssentials,Superstore
Unbleached All-Purpose Flour,3.77,"2.5 kg, $0.15/100g",bakingEssentials,Superstore
100% Pure Corn Starch,3.99,"454 g, $0.88/100g",bakingEssentials,Superstore
The Decadent Milk Chocolate Chips,10.99,"775 g, $1.42/100g",bakingEssentials,Superstore
Baking Soda,5.79,"2 kg, $0.29/100g",bakingEssentials,Superstore
"All Purpose Original Flour, Enriched / Pre-Sifted",4.00,"5 kg, $0.12/100g",bakingEssentials,Superstore
Chocolate Instant Pudding Mix,1.29,"113 g, $1.14/100g",bakingEssentials,Superstore
"Chipits Special Dark Chocolate Chips, 225G",3.44,"225 g, $2.13/100g",bakingEssentials,Superstore
Super Moist Cake Mix Chocolate Fudge,2.29,"375 g, $0.61/100g",bakingEssentials,Superstore
Chipits Skor Toffee Bits Baking Candy,3.44,"200 g, $2.25/100g",bakingEssentials,Superstore
"Orange Jelly Powder, Gelatin Mix",1.29,"85 g, $1.52/100g",bakingEssentials,Superstore
Chipits Butterscotch Baking Chips,3.44,"270 g, $1.77/100g",bakingEssentials,Superstore
Multi-Coloured Mini Marshmallows,2.79,"400 g, $0.70/100g",bakingEssentials,Superstore
Unsweetened Medium Coconut,2.29,"200 g, $1.15/100g",bakingEssentials,Superstore
Deluxe Mixed Nuts with Sea Salt,22.99,"1.13 kg, $2.03/100g",bakingEssentials,Superstore
"Berry Blue Jelly Powder, Gelatin Mix",1.29,"85 g, $1.52/100g",bakingEssentials,Superstore
"Chipits Milk Chocolate Chips, 835G",11.49,"835 g, $1.38/100g",bakingEssentials,Superstore
Natural Turbinado Sugar Canister,4.29,"500 g, $0.86/100g",bakingEssentials,Superstore
Golden Yellow Sugar,3.79,"1 kg, $0.38/100g",bakingEssentials,Superstore
Fridge-N-Freezer Baking Soda,2.29,"500 g, $0.46/100g",bakingEssentials,Superstore
Cooked Vanilla Pudding & Pie Filling,3.29,"135 g, $2.44/100g",bakingEssentials,Superstore
Cake & Pastry Self-Raising Flour,7.79,"2.5 kg, $0.31/100g",bakingEssentials,Superstore
Spring Breeze,4.49,"140 g, $3.56/100g",bakingEssentials,Superstore
Hemp Seed Hearts Hulled,10.99,"227 g, $4.84/100g",bakingEssentials,Superstore
Unbleached All Purpose Flour,6.49,"2.5 kg, $0.26/100g",bakingEssentials,Superstore
Paprika,4.29,"48 g, $8.94/100g",bakingEssentials,Superstore
Craisins Sweetened Dried Cranberries ,3.99,"340 g, $1.17/100g",bakingEssentials,Superstore
Hot Wheels Cupcake Decorating Kit,7.99,"30 g, $26.63/100g",bakingEssentials,Superstore
Sweet Complete Calorie-Free Sweetener With Stevia Leaf Extract And Erythritol Brown With A Hint Of Molasses,11.99,"397 g, $3.02/100g",bakingEssentials,Superstore
Organic Blond Sugar,6.99,"1 kg, $0.70/100g",bakingEssentials,Superstore
"Staybrite Baking Cups, Pink & Blue",3.49,"36 ea, $0.10/1ea",bakingEssentials,Superstore
Coconut Cashews Organic,7.99,"160 g, $4.99/100g",bakingEssentials,Superstore
Seedless Thompson Dried Raisins ,10.99,"1.36 kg, $0.81/100g",bakingEssentials,Superstore
Unsweetened Fine Coconut,2.29,"200 g, $1.15/100g",bakingEssentials,Superstore
100% Pure Semi-Sweet Chocolate Baking Bar,6.49,"225 g, $2.88/100g",bakingEssentials,Superstore
Chia Seeds Premium Whole Organic,9.49,"340 g, $2.79/100g",bakingEssentials,Superstore
Frost Deluxe Whipped Milk Chocolate,2.29,"340 g, $0.67/100g",bakingEssentials,Superstore
Bitter Sweet Chocolate Chip,7.99,"225 g, $3.55/100g",bakingEssentials,Superstore
Organic Dried Mangos,7.99,"150 g, $5.33/100g",bakingEssentials,Superstore
Pre-Cooked Yellow Corn Meal,2.99,"1 kg, $0.30/100g",bakingEssentials,Superstore
Farina For Pasta,3.99,"1 kg, $0.40/100g",bakingEssentials,Superstore
Durum Semolina,4.49,"750 g, $0.60/100g",bakingEssentials,Superstore
Almond Extract,8.49,"59 ml, $14.39/100ml",bakingEssentials,Superstore
Organic Blue Agave,16.49,"900 ml, $1.83/100ml",bakingEssentials,Superstore
Brown Sugar Bhoori Shakkar,10.99,"5 kg, $0.22/100g",bakingEssentials,Superstore
Fat Free Butterscotch Instant Pudding Mix,1.29,"30 g, $4.30/100g",bakingEssentials,Superstore
Thompson Seedless Raisins Club Size,15.99,"2 kg, $0.80/100g",bakingEssentials,Superstore
Organic Classic Fruit Blend 196 g,5.29,"196 g, $2.70/100g",bakingEssentials,Superstore
"Pitted Prunes, Club Size",16.99,"1 kg, $1.70/100g",bakingEssentials,Superstore
Semi-Sweet Chocolate Chips,3.79,"300 g, $1.26/100g",bakingEssentials,Superstore
White Whole Wheat,20.99,"9.07 kg, $0.23/100g",bakingEssentials,Superstore
"Preferred Primary Colours Fondant, 4-Pack Icing",16.49,"499 g, $3.30/100g",bakingEssentials,Superstore
Granulated Keto Sweetener Jar,11.99,"540 g, $2.22/100g",bakingEssentials,Superstore
Milk Chocolate Chips,13.49,"800 g, $1.69/100g",bakingEssentials,Superstore
Baking Mix,14.99,"283 g, $5.30/100g",bakingEssentials,Superstore
Pancake Mix Chocolate,11.49,"400 g, $2.87/100g",bakingEssentials,Superstore
Cinnamon Ground,4.49,"35 g, $12.83/100g",bakingEssentials,Superstore
"Chipits Pure Semi-Sweet Chocolate Chips, 925G",11.49,"925 g, $1.24/100g",bakingEssentials,Superstore
All-Purpose Flour,6.49,"5 kg, $0.13/100g",bakingEssentials,Superstore
Medium Cornmeal,4.49,"680 g, $0.66/100g",bakingEssentials,Superstore
"Pudding Supreme, English Toffee",1.59,"90 g, $1.77/100g",bakingEssentials,Superstore
"Cherry Jelly Powder, Gelatin Mix",1.29,"85 g, $1.52/100g",bakingEssentials,Superstore
Minute Tapioca,3.49,"227 g, $1.54/100g",bakingEssentials,Superstore
Dahi Vada,2.29,"200 g, $1.15/100g",bakingEssentials,Superstore
Cherry Pie Filling,5.99,"540 ml, $1.11/100ml",bakingEssentials,Superstore
"Raspberry Jelly Powder Light, Gelatin Mix",1.29,"10 g, $12.90/100g",bakingEssentials,Superstore
00 Style Pizza Flour,6.99,"2000 g, $0.35/100g",bakingEssentials,Superstore
Glutinous Rice Flour,1.48,"400 g, $0.45/100g",bakingEssentials,Superstore
Chopped Raw Walnuts,6.29,"200 g, $3.15/100g",bakingEssentials,Superstore
"Gluten Free Cookie Mix, Chocolate Chip",6.29,"400 g, $1.57/100g",bakingEssentials,Superstore
Organic Coconut Flour,8.49,"500 g, $1.70/100g",bakingEssentials,Superstore
Chopped Raw Walnuts,6.29,"200 g, $3.15/100g",bakingEssentials,Superstore
"Gluten Free Cookie Mix, Chocolate Chip",6.29,"400 g, $1.57/100g",bakingEssentials,Superstore
"Devil's Food Cake Mix, Gluten Free, 10 Servings",7.99,"425 g, $1.88/100g",bakingEssentials,Superstore
100 % Pure Refined Cane Sugar,2.69,"1 kg, $0.27/100g",bakingEssentials,Superstore
Coconut,9.99,"500 g, $2.00/100g",bakingEssentials,Superstore
Gluten Free Chocolate Cake Mix,6.29,"400 g, $1.57/100g",bakingEssentials,Superstore
Dried Apricots,6.99,"140 g, $4.99/100g",bakingEssentials,Superstore
Corn Flour Makki Ka Atta,17.49,"5 kg, $0.35/100g",bakingEssentials,Superstore
Organic Whole Black Chia Seeds,7.29,"300 g, $2.83/100g",bakingEssentials,Superstore
Premium Cocoa,9.99,"454 g, $2.20/100g",bakingEssentials,Superstore
Medium Whole Prunes,11.99,"750 g, $1.60/100g",bakingEssentials,Superstore
Organic Coconut Flour,8.49,"500 g, $1.70/100g",bakingEssentials,Superstore
"Whole Raw Cashews, 1.13KG",26.99,"1.13 kg, $2.39/100g",bakingEssentials,Superstore
Coconut Sugar,4.99,"450 g, $1.11/100g",bakingEssentials,Superstore
"Dry-Roasted Peanuts, Unsalted",8.99,"700 g, $1.57/100g",bakingEssentials,Superstore
Premium Cocoa,5.99,"227 g, $2.64/100g",bakingEssentials,Superstore
Rice Flour,2.99,"800 g, $0.37/100g",bakingEssentials,Superstore
Organic Oregano Leaf,6.49,"21 g, $30.90/100g",bakingEssentials,Superstore
Vanilla Custard,2.99,"300 g, $1.00/100g",bakingEssentials,Superstore
Instant Pudding And Pie Filling,3.29,"170 g, $1.94/100g",bakingEssentials,Superstore
Granulated Sugar Blend for Baking,10.49,"908 g, $1.16/100g",bakingEssentials,Superstore
Berry Cherry Dried Fruit Blend,7.99,"300 g, $2.66/100g",bakingEssentials,Superstore
Blue Sparkle Gel,3.49,"99 g, $3.53/100g",bakingEssentials,Superstore
Chick Peas Flour,4.49,"907 g, $0.50/100g",bakingEssentials,Superstore
Sliced Blanched Almonds Club Size,18.49,"1 kg, $1.85/100g",bakingEssentials,Superstore
All-Purpose Baking Flour Gluten Free,7.49,"624 g, $1.20/100g",bakingEssentials,Superstore
White Chocolate Couverture,3.99,"250 g, $1.60/100g",bakingEssentials,Superstore
Demerara Organic Brown Cane Sugar,6.49,"1 kg, $0.65/100g",bakingEssentials,Superstore
Acai Blueberry Cashew Organic,7.99,"150 g, $5.33/100g",bakingEssentials,Superstore
Monk Fruit Sweetener,10.99,"80 ea, $0.14/1ea",bakingEssentials,Superstore
Orchard Dried Fruit Blend,14.29,"700 g, $2.04/100g",bakingEssentials,Superstore
Whole Wheat Flour,20.49,"5 kg, $0.41/100g",bakingEssentials,Superstore
"Shirriff Filling and Dessert Mix, Lemon Pie",4.29,"425 g, $1.01/100g",bakingEssentials,Superstore
Cake & Pastry Self-Raising Flour,5.99,"1 kg, $0.60/100g",bakingEssentials,Superstore
Cumin Ground,4.29,"36 g, $11.92/100g",bakingEssentials,Superstore
Dry-Roasted Salted Sunflower Seeds,3.29,"200 g, $1.65/100g",bakingEssentials,Superstore
Rosemary,8.99,"35 g, $25.69/100g",bakingEssentials,Superstore
Pitted California Dates,3.49,"200 g, $1.75/100g",bakingEssentials,Superstore
No Calorie Stevia Sweetener Packets,12.49,"280 g, $4.46/100g",bakingEssentials,Superstore
Marshmallow Creme,3.49,"198 g, $1.76/100g",bakingEssentials,Superstore
Organic Coconut Whipping Cream,6.99,"400 ml, $1.75/100ml",bakingEssentials,Superstore
Multigrain Atta,15.99,"4.55 kg, $0.35/100g",bakingEssentials,Superstore
Bisquick Gluten Free Variety Baking Mix,7.99,"454 g, $1.76/100g",bakingEssentials,Superstore
Royal Figs,9.49,"454 g, $2.09/100g",bakingEssentials,Superstore
Graham Cracker Pie Crust,2.49,"170 g, $1.46/100g",bakingEssentials,Superstore
Sultana Raisins Club Size,12.99,"2 kg, $0.65/100g",bakingEssentials,Superstore
Yellow Cornmeal,2.99,"907 g, $0.33/100g",bakingEssentials,Superstore
"All Purpose Unbleached Flour, Club Size",11.99,"10 kg, $0.12/100g",bakingEssentials,Superstore
Liquid Stevia No Calorie Sweetener,5.99,"50 ml, $11.98/100ml",bakingEssentials,Superstore
Organic Cranberry,5.29,"142 g, $3.73/100g",bakingEssentials,Superstore
Sultana Raisins Club Size,12.99,"2 kg, $0.65/100g",bakingEssentials,Superstore
"Dry-Roasted Peanuts, Salted",8.99,"700 g, $1.57/100g",bakingEssentials,Superstore
Buttercream Icing Mix,6.79,"1 ea, $6.79/1ea",bakingEssentials,Superstore
Urad Flour,6.49,"800 g, $0.81/100g",bakingEssentials,Superstore
Marshmallow Creme,3.49,"198 g, $1.76/100g",bakingEssentials,Superstore
"All Purpose Unbleached Flour, Club Size",11.99,"10 kg, $0.12/100g",bakingEssentials,Superstore
Multigrain Atta,15.99,"4.55 kg, $0.35/100g",bakingEssentials,Superstore
No Calorie Single-Serve Sweetener Packets,11.99,"200 g, $6.00/100g",bakingEssentials,Superstore
Pancake Mix Original,11.49,"400 g, $2.87/100g",bakingEssentials,Superstore
Chipits Cream Cheese,3.44,"200 g, $2.40/100g",bakingEssentials,Superstore
"Chipits  Peanut Butter Baking Chips, 270G",3.44,"270 g, $1.77/100g",bakingEssentials,Superstore
Whole Wheat Flour,13.99,"9 kg, $0.16/100g",bakingEssentials,Superstore
"Food Colour, Red",2.79,"28 ml, $9.96/100ml",bakingEssentials,Superstore
Dried Goji Berries,9.29,"200 g, $4.65/100g",bakingEssentials,Superstore
Muffin Premium Gluten Free Baking Mix,6.00,"470 g, $1.28/100g",bakingEssentials,Superstore
Rava Dosa Mix,3.29,"500 g, $0.66/100g",bakingEssentials,Superstore
Whole Almonds,19.99,"1 kg, $2.00/100g",bakingEssentials,Superstore
"Artificial Vanilla Extract, Club Size",8.99,"1 l, $0.90/100ml",bakingEssentials,Superstore
"Almond Extract, Pure",4.29,"43 ml, $9.98/100ml",bakingEssentials,Superstore
Idli Mix,1.99,"200 g, $1.00/100g",bakingEssentials,Superstore
The Decadent White Chocolate Chips,3.49,"226 g, $1.54/100g",bakingEssentials,Superstore
Original All Purpose Flour,18.99,"10 kg, $0.19/100g",bakingEssentials,Superstore
White Bread Premium Gluten Free Baking Mix,6.00,"500 g, $1.20/100g",bakingEssentials,Superstore
Calorie-Free Sweetener from the Stevia Leaf Spoonable Jar,8.99,"270 g, $3.33/100g",bakingEssentials,Superstore
Wheat Atta Flour,13.99,"9 kg, $0.16/100g",bakingEssentials,Superstore
The Decadent Chocolate Chip Cookie Mix,3.99,"900 g, $0.44/100g",bakingEssentials,Superstore
Oatmeal Chocolate Chip Muffin Mix,6.29,"900 g, $0.70/100g",bakingEssentials,Superstore
"No-Bake Mix, Four Seed Granola Bites",3.99,"300 g, $1.33/100g",bakingEssentials,Superstore
Potato Starch Unmodified,6.99,"624 g, $1.12/100g",bakingEssentials,Superstore
Decorating Kit 4 Sprinkles Tube,7.99,"116 g, $6.89/100g",bakingEssentials,Superstore
"Blueberries, Sweetened Dried Fruit",15.49,"500 g, $3.10/100g",bakingEssentials,Superstore
Organic Chia Seeds,6.99,"250 g, $2.80/100g",bakingEssentials,Superstore
Cacao Nibs,11.49,"227 g, $5.06/100g",bakingEssentials,Superstore
No Calorie Granulated Stevia Sweetener for Baking,10.49,"221 g, $4.75/100g",bakingEssentials,Superstore
"Mini Marshmallows, Club Size",5.99,"1 kg, $0.60/100g",bakingEssentials,Superstore
"Frosting Tube Baby Blue, Vanilla",1.49,"80 g, $1.86/100g",bakingEssentials,Superstore
Craisins Sweetened Dried Cranberries ,3.29,"170 g, $1.94/100g",bakingEssentials,Superstore
Chocolate Instant Pudding,3.49,"48 g, $7.27/100g",bakingEssentials,Superstore
Coarse Durum Semolina,2.99,"907 g, $0.33/100g",bakingEssentials,Superstore
Coconut Milk Organic,5.99,"400 ml, $1.50/100ml",bakingEssentials,Superstore
Blueberry Buttermilk Flavour Muffin Mix,6.29,"900 g, $0.70/100g",bakingEssentials,Superstore
Whole Black Chia and Flax ,5.29,"225 g, $2.66/100g",bakingEssentials,Superstore
Cheddar Cheese Biscuit Premium Gluten Free Baking Mix,6.00,"322 g, $1.86/100g",bakingEssentials,Superstore
The Decadent Semi-Sweet Chocolate Chips,16.99,"1.8 kg, $0.94/100g",bakingEssentials,Superstore
Pitted Dates,4.99,"500 g, $1.00/100g",bakingEssentials,Superstore
Jam & Jelly Mix,4.79,"900 g, $0.53/100g",bakingEssentials,Superstore
"Frosting Tube Baby Blue, Vanilla",1.49,"80 g, $1.86/100g",bakingEssentials,Superstore
Craisins Sweetened Dried Cranberries ,3.29,"170 g, $1.94/100g",bakingEssentials,Superstore
Chocolate Instant Pudding,3.49,"48 g, $7.27/100g",bakingEssentials,Superstore
Coarse Durum Semolina,2.99,"907 g, $0.33/100g",bakingEssentials,Superstore
Jam & Jelly Mix,4.79,"900 g, $0.53/100g",bakingEssentials,Superstore
Real Food Bar! Granola Bar Mix Cranberry,9.49,"300 g, $3.16/100g",bakingEssentials,Superstore
Baker's Premium 70% Dark Chocolate Baking Bar,6.49,"170 g, $3.82/100g",bakingEssentials,Superstore
Matcha Almonds Organic,8.99,"160 g, $5.62/100g",bakingEssentials,Superstore
Plant Based Vanilla Marshmallows,5.99,"284 g, $2.11/100g",bakingEssentials,Superstore
Cacao Nibs,11.49,"227 g, $5.06/100g",bakingEssentials,Superstore
All Purpose Unbleached Flour,4.49,"2.5 kg, $0.18/100g",bakingEssentials,Superstore
Fine Grind Almond Flour ,18.99,"1 kg, $1.90/100g",bakingEssentials,Superstore
Turmeric Ground,4.29,"49 g, $8.76/100g",bakingEssentials,Superstore
Coriander,9.99,"65 g, $15.37/100g",bakingEssentials,Superstore
Marshmallow Vanilla,2.49,"250 g, $1.00/100g",bakingEssentials,Superstore
Golden Yellow Sugar,5.29,"2 kg, $0.26/100g",bakingEssentials,Superstore
White King Puto Mix,3.19,"400 g, $0.80/100g",bakingEssentials,Superstore
Golden Sugar,4.39,"800 g, $0.55/100g",bakingEssentials,Superstore
Sheer Khurma Mix,2.19,"160 g, $1.37/100g",bakingEssentials,Superstore
Whole Pitted Dates Club Size,6.99,"1 kg, $0.70/100g",bakingEssentials,Superstore
Chopped Pecans,11.49,"400 g, $2.87/100g",bakingEssentials,Superstore
Gluten Free Cornbread Mix,5.29,"567 g, $0.93/100g",bakingEssentials,Superstore
Organic Blue Agave Syrup,9.99,"480 ml, $2.08/100ml",bakingEssentials,Superstore
Naturally Processed Sugar Muscovado,3.99,"500 g, $0.80/100g",bakingEssentials,Superstore
Decorating Kit 4 Sprinkles Tube,7.99,"116 g, $6.89/100g",bakingEssentials,Superstore
"Blueberries, Sweetened Dried Fruit",15.49,"500 g, $3.10/100g",bakingEssentials,Superstore
Fajita Seasoning,2.79,"28 g, $9.96/100g",bakingEssentials,Superstore
Nanaimo Bar Baking Mix,6.99,"740 g, $0.94/100g",bakingEssentials,Superstore
Wheat Semolina Sooji,6.99,"2 kg, $0.35/100g",bakingEssentials,Superstore
No Calorie Stevia Sweetener Packets,5.79,"80 g, $7.24/100g",bakingEssentials,Superstore
Pitted Dates,6.49,"250 g, $2.60/100g",bakingEssentials,Superstore
Regular Sized Dark Chocolate Morsels,5.99,"255 g, $2.55/100g",bakingEssentials,Superstore
"Organic All-Purpose Flour, Unbleached",8.99,"2.5 kg, $0.36/100g",bakingEssentials,Superstore
Dry Yeast Jar,8.49,"227 g, $3.74/100g",bakingEssentials,Superstore
Robertson's Mincemeat Without Suet 635 ml,11.99,"635 ml, $1.89/100ml",bakingEssentials,Superstore
Sweetened Dried Mangoes,3.49,"120 g, $2.91/100g",bakingEssentials,Superstore
"Dry-Roasted Pumpkin Seeds, Salted 1 kg",17.99,"1 kg, $1.80/100g",bakingEssentials,Superstore
Candy Melts® 12oz Light Cocoa,3.49,"340 g, $1.03/100g",bakingEssentials,Superstore
Demerara Style Brown Sugar,4.49,"800 g, $0.56/100g",bakingEssentials,Superstore
Monk Fruit Sweetener,8.79,"454 g, $1.94/100g",bakingEssentials,Superstore
Sliced Almonds,9.29,"200 g, $4.65/100g",bakingEssentials,Superstore
Stevia Leaf Extract Sweetener,4.79,"90 g, $5.32/100g",bakingEssentials,Superstore
Whole Raw Cashews 200 g,6.49,"200 g, $3.25/100g",bakingEssentials,Superstore
Honey Mango,9.99,"500 g, $2.00/100g",bakingEssentials,Superstore
Peanut Butter Cookie Mix Snack Size,2.29,"204 g, $1.12/100g",bakingEssentials,Superstore
"Mug Cake, Rainbow Bit Flavour, Frosting Included",3.99,"294 g, $1.36/100g",bakingEssentials,Superstore
Golden Cane Sugar,8.99,"1 kg, $0.90/100g",bakingEssentials,Superstore
Soya Mini Chunks,2.49,"220 g, $1.13/100g",bakingEssentials,Superstore
Choc Chip Cookie Mix,8.99,"624 g, $1.44/100g",bakingEssentials,Superstore
Organic Oregano Leaves,4.29,"13 g, $33.00/100g",bakingEssentials,Superstore
"Pie Filling,  Cherry Cranberry",5.99,"540 ml, $1.11/100ml",bakingEssentials,Superstore
Brownie Mix,17.99,"283 g, $6.36/100g",bakingEssentials,Superstore
Vanilla Sugar,2.29,"54 g, $4.24/100g",bakingEssentials,Superstore
Demerara Style Brown Sugar,4.49,"800 g, $0.56/100g",bakingEssentials,Superstore
Monk Fruit Sweetener,8.79,"454 g, $1.94/100g",bakingEssentials,Superstore
Robertson's Mincemeat Without Suet 635 ml,11.99,"635 ml, $1.89/100ml",bakingEssentials,Superstore
"Organic All-Purpose Flour, Unbleached",8.99,"2.5 kg, $0.36/100g",bakingEssentials,Superstore
Dry Yeast Jar,8.49,"227 g, $3.74/100g",bakingEssentials,Superstore
Corn Flour,6.49,"1810 g, $0.36/100g",bakingEssentials,Superstore
Sliced Almonds,9.29,"200 g, $4.65/100g",bakingEssentials,Superstore
Whole Wheat All Purpose Flour,6.49,"2.5 kg, $0.26/100g",bakingEssentials,Superstore
Twinkle Baker Décor Barbie Triplet Sprinkles,6.99,"200 g, $3.50/100g",bakingEssentials,Superstore
Lower Fat Oatmeal Muffin Mix,6.29,"900 g, $0.70/100g",bakingEssentials,Superstore
Honey Graham Crumbs,4.49,"400 g, $1.12/100g",bakingEssentials,Superstore
Protein Pancake & Waffle Mix Buttermilk,9.99,"430 g, $2.32/100g",bakingEssentials,Superstore
Baker's 100% Pure Premium White Chocolate Baking Bar,6.49,"170 g, $3.82/100g",bakingEssentials,Superstore
16-Inch Disposable Decorating Bags,7.99,"33 g, $24.21/100g",bakingEssentials,Superstore
"Staybrite Baking Cups, Treats",3.49,"36 ea, $0.10/1ea",bakingEssentials,Superstore
Brown Rice Flour,4.29,"454 g, $0.94/100g",bakingEssentials,Superstore
Pecan Halves Club Size,28.99,"1 kg, $2.90/100g",bakingEssentials,Superstore
Bran Muffin Mix,6.29,"900 g, $0.70/100g",bakingEssentials,Superstore
Apple Pie Filling,5.99,"540 ml, $1.11/100ml",bakingEssentials,Superstore
Brownies Mix - Frosted,3.99,"550 g, $0.73/100g",bakingEssentials,Superstore
No Bake Mix Cranberry Coconut Granola Bites,3.99,"300 g, $1.33/100g",bakingEssentials,Superstore
Cracked Wheat Dalia,3.29,"800 g, $0.41/100g",bakingEssentials,Superstore
Berry Sugar,2.99,"1 kg, $0.30/100g",bakingEssentials,Superstore
Flour Blends 60/40 Baker'S Blend Flour,19.49,"2 kg, $0.97/100g",bakingEssentials,Superstore
Custard Powder,4.79,"340 g, $1.41/100g",bakingEssentials,Superstore
"Pudding Supreme, Chocolate",1.59,"90 g, $1.77/100g",bakingEssentials,Superstore
The Decadent Semi-Sweet Chocolate Chunks,3.49,"226 g, $1.54/100g",bakingEssentials,Superstore
Cake Mix Khaman Dhokla,2.19,"0.2 kg, $1.10/100g",bakingEssentials,Superstore
Taco Seasoning,2.79,"32 g, $8.72/100g",bakingEssentials,Superstore
"Shirriff Mousse Mix, Strawberry",2.29,"69 g, $3.32/100g",bakingEssentials,Superstore
Organic Molasses,7.99,"472 ml, $1.69/100ml",bakingEssentials,Superstore
Kraft Tapioca,4.79,"225 g, $2.13/100g",bakingEssentials,Superstore
Superfood Super-Seeds Original,7.79,"175 g, $4.45/100g",bakingEssentials,Superstore
Pecan Pieces,3.00,"100 g, $3.00/100g",bakingEssentials,Superstore
Slivered Almonds ,2.79,"100 g, $2.79/100g",bakingEssentials,Superstore
Fat Free Chocolate Instant Pudding Mix,1.29,"40 g, $3.23/100g",bakingEssentials,Superstore
Craisins Sweetened Dried Cranberries ,9.99,"1.36 kg, $0.73/100g",bakingEssentials,Superstore
Organic Coconut Palm Sugar,7.49,"454 g, $1.65/100g",bakingEssentials,Superstore
Sultana Raisins,8.49,"750 g, $1.13/100g",bakingEssentials,Superstore
Baking Powder,2.49,"84 g, $2.96/100g",bakingEssentials,Superstore
Yogurt Raisins,4.29,"200 g, $2.15/100g",bakingEssentials,Superstore
Cut Mixed Peel,3.99,"225 g, $1.77/100g",bakingEssentials,Superstore
"Shirriff Pudding & Pie Filling, Vanilla",2.99,"160 g, $1.87/100g",bakingEssentials,Superstore
Pecan Pieces,3.00,"100 g, $3.00/100g",bakingEssentials,Superstore
Slivered Almonds ,2.79,"100 g, $2.79/100g",bakingEssentials,Superstore
Superfood Super-Seeds Original,7.79,"175 g, $4.45/100g",bakingEssentials,Superstore
Cake Mix Khaman Dhokla,2.19,"0.2 kg, $1.10/100g",bakingEssentials,Superstore
Cut Mixed Peel,3.99,"225 g, $1.77/100g",bakingEssentials,Superstore
Gluten Free Pancake Mix,5.49,"400 g, $1.37/100g",bakingEssentials,Superstore
Flour Blends 60/40 Baker'S Blend Flour,19.49,"2 kg, $0.97/100g",bakingEssentials,Superstore
Organic Molasses,7.99,"472 ml, $1.69/100ml",bakingEssentials,Superstore
Taco Seasoning,2.79,"32 g, $8.72/100g",bakingEssentials,Superstore
Craisins Sweetened Dried Cranberries ,9.99,"1.36 kg, $0.73/100g",bakingEssentials,Superstore
"Shirriff Pudding & Pie Filling, Vanilla",2.99,"160 g, $1.87/100g",bakingEssentials,Superstore
Semi Sweet Chocolate Chips,8.99,"285 g, $3.15/100g",bakingEssentials,Superstore
Kraft Tapioca,4.79,"225 g, $2.13/100g",bakingEssentials,Superstore
"Vanilla, Artificial",3.79,"43 ml, $8.81/100ml",bakingEssentials,Superstore
Artificial Vanilla Extract,4.29,"125 ml, $3.43/100ml",bakingEssentials,Superstore
Imitation French Vanilla Extract,3.99,"43 ml, $9.28/100ml",bakingEssentials,Superstore
Flour,19.99,"9 kg, $0.22/100g",bakingEssentials,Superstore
Pure Lemon Extract,3.99,"43 ml, $9.28/100ml",bakingEssentials,Superstore
Milk Chocolate Couverture,3.99,"250 g, $1.60/100g",bakingEssentials,Superstore
Cake Topper,3.49,"1 ea, $349.00/100ea",bakingEssentials,Superstore
Punjabi Shakkar Poudre de Jaggery 1 kg,3.99,"1 kg, $0.40/100g",bakingEssentials,Superstore
Super Moist Cake Mix Lemon,2.29,"375 g, $0.61/100g",bakingEssentials,Superstore
Granulated Calorie-Free Sucralose Sweetener,8.49,"275 g, $3.09/100g",bakingEssentials,Superstore
"Lemon Jelly Powder, Gelatin Mix",1.29,"85 g, $1.52/100g",bakingEssentials,Superstore
Oh Mega Mix Organic,5.99,"135 g, $4.44/100g",bakingEssentials,Superstore
Unbleached All-Purpose Flour,6.49,"5 kg, $0.13/100g",bakingEssentials,Superstore
Low Calorie Brown Sugar Blend for Baking,8.99,"454 g, $1.98/100g",bakingEssentials,Superstore
Unbleached All Purpose Flour,20.49,"5 kg, $0.41/100g",bakingEssentials,Superstore
Khatta Dhokla Mix,1.99,"200 g, $1.00/100g",bakingEssentials,Superstore
Crispy Fuji Apple Freeze-Dried Fruit,4.49,"28 g, $16.04/100g",bakingEssentials,Superstore
Gluten & Grain Free Coconut Crumbs,10.49,"227 g, $4.62/100g",bakingEssentials,Superstore
Gulab Jamun Mix,1.99,"100 g, $1.99/100g",bakingEssentials,Superstore
Chopped Walnuts,2.79,"100 g, $2.79/100g",bakingEssentials,Superstore
"Strawberry Jelly Powder Light, Gelatin Mix",1.29,"10.1 g, $12.77/100g",bakingEssentials,Superstore
Foil Baking Cups,6.49,"72 ea, $0.09/1ea",bakingEssentials,Superstore
Chocolate Instant Pudding Mix,1.99,"170 g, $1.17/100g",bakingEssentials,Superstore
Cane Sugar Shakkar,10.99,"5 kg, $0.22/100g",bakingEssentials,Superstore
Rice Idli,3.29,"500 g, $0.66/100g",bakingEssentials,Superstore
Tapioca Starch,1.29,"400 g, $0.37/100g",bakingEssentials,Superstore
Pizza Yeast Strip,2.29,"24 g, $9.54/100g",bakingEssentials,Superstore
"Chipits Pure Semi-Sweet Chocolate Chips, 1.65Kg",17.49,"1650 g, $1.06/100g",bakingEssentials,Superstore
Craisins Reduced Sugar,2.99,"142 g, $2.11/100g",bakingEssentials,Superstore
Craisins Dried Cranberries,7.99,"680 g, $1.18/100g",bakingEssentials,Superstore
Butterscotch Instant Pudding Mix,1.29,"99 g, $1.30/100g",bakingEssentials,Superstore
Dried Apricots ,9.99,"500 g, $2.00/100g",bakingEssentials,Superstore
Organic Whole Roasted Hemp Seed  ,8.99,"340 g, $2.64/100g",bakingEssentials,Superstore
Creamy Deluxe French Vanilla Frosting ,2.29,"450 g, $0.51/100g",bakingEssentials,Superstore
Chia Walnuts Organic,8.99,"130 g, $6.92/100g",bakingEssentials,Superstore
Organic Oat Flakes,8.29,"1 kg, $0.83/100g",bakingEssentials,Superstore
"Chipits Pure Semi-Sweet Chocolate Chips, 1.65Kg",17.49,"1650 g, $1.06/100g",bakingEssentials,Superstore
Organic Cocoa Powder,7.49,"224 g, $3.34/100g",bakingEssentials,Superstore
Yellow Rock Sugar ,1.79,"400 g, $0.45/100g",bakingEssentials,Superstore
Stevia Liquid,4.29,"43 ml, $8.94/100ml",bakingEssentials,Superstore
Craisins Reduced Sugar,2.99,"142 g, $2.11/100g",bakingEssentials,Superstore
Creamy Deluxe French Vanilla Frosting ,2.29,"450 g, $0.51/100g",bakingEssentials,Superstore
Chia Walnuts Organic,8.99,"130 g, $6.92/100g",bakingEssentials,Superstore
No Calorie Granulated Sugar Substitute,12.99,"275 g, $4.72/100g",bakingEssentials,Superstore
Icing Sugar,11.99,"340 g, $3.53/100g",bakingEssentials,Superstore
Original All Purpose Flour,12.99,"5 kg, $0.26/100g",bakingEssentials,Superstore
Brown Sugar In Pieces ,1.79,"454 g, $0.39/100g",bakingEssentials,Superstore
Whole Organic Raw Blue Agave Syrup,9.99,"480 ml, $2.08/100ml",bakingEssentials,Superstore
Calorie-Free Sweetener from the Stevia Leaf Sachets/Packets,8.99,"160 g, $5.62/100g",bakingEssentials,Superstore
"Unbleached All-Purpose Flour, White",8.29,"2.27 kg, $0.37/100g",bakingEssentials,Superstore
Craisins Dried Cranberries,7.99,"680 g, $1.18/100g",bakingEssentials,Superstore
Butterscotch Instant Pudding Mix,1.29,"99 g, $1.30/100g",bakingEssentials,Superstore
Garlic Powder,4.49,"64 g, $7.02/100g",bakingEssentials,Superstore
Dried Apricots ,9.99,"500 g, $2.00/100g",bakingEssentials,Superstore
Organic Whole Roasted Hemp Seed  ,8.99,"340 g, $2.64/100g",bakingEssentials,Superstore
Salted Mixed Nuts,8.79,"200 g, $4.40/100g",bakingEssentials,Superstore
"Shirriff Mousse Mix, Milk Chocolate",2.29,"87 g, $2.63/100g",bakingEssentials,Superstore
Turbinado Sugar,4.39,"800 g, $0.55/100g",bakingEssentials,Superstore
Raw Walnuts Halves Pieces 1 kg,29.49,"1 kg, $2.95/100g",bakingEssentials,Superstore
"Dry Fruit Mix, Thai Premium",9.99,"500 g, $2.00/100g",bakingEssentials,Superstore
Stevia Extract,7.49,"100 g, $0.07/1ea",bakingEssentials,Superstore
"Pie Filling, Rhubarb Strawberry",5.99,"540 ml, $1.11/100ml",bakingEssentials,Superstore
Chopped Walnuts,2.79,"100 g, $2.79/100g",bakingEssentials,Superstore
"Strawberry Jelly Powder Light, Gelatin Mix",1.29,"10.1 g, $12.77/100g",bakingEssentials,Superstore
Foil Baking Cups,6.49,"72 ea, $0.09/1ea",bakingEssentials,Superstore
Gluten Free All Purpose Flour,7.99,"800 g, $1.00/100g",bakingEssentials,Superstore
Super Fine Xanthan Gum,6.49,"227 g, $2.86/100g",bakingEssentials,Superstore
Organic Goji Berries,12.79,"140 g, $9.14/100g",bakingEssentials,Superstore
California Sun-Dried Organic Raisin,8.49,"400 g, $2.12/100g",bakingEssentials,Superstore
Organic Himalayan Sunshine,5.69,"150 g, $3.79/100g",bakingEssentials,Superstore
Craisins Sweetened Dried Cranberries  With Pomegranate Juice Concentrate,2.99,"170 g, $1.76/100g",bakingEssentials,Superstore
Craisins Sweetened Dried Cranberries With Cherry Juice Concentrate,2.99,"170 g, $1.76/100g",bakingEssentials,Superstore
Organic Fair Trade Sugar,7.49,"907 g, $0.83/100g",bakingEssentials,Superstore
Baking Powder,4.49,"340 g, $1.32/100g",bakingEssentials,Superstore
Organic Coconut Smiles,3.49,"125 g, $2.79/100g",bakingEssentials,Superstore
Pecan Halves,11.49,"400 g, $2.87/100g",bakingEssentials,Superstore
Artificial Vanilla Extract,4.99,"250 ml, $2.00/100ml",bakingEssentials,Superstore
Confetti Cake Mix,4.99,"430 g, $1.16/100g",bakingEssentials,Superstore
Creamed Rice Pudding,3.99,"400 g, $1.00/100g",bakingEssentials,Superstore
White Rice Flour,5.29,"680 g, $0.78/100g",bakingEssentials,Superstore
Shredded Coconut Unsweetened,6.29,"340 g, $1.85/100g",bakingEssentials,Superstore
Bread Machine Yeast,5.49,"113 g, $4.86/100g",bakingEssentials,Superstore
Pistachio Instant Pudding Mix,1.29,"99 g, $1.30/100g",bakingEssentials,Superstore
Organic Agave Syrup,8.99,"480 ml, $1.87/100ml",bakingEssentials,Superstore
Creamy Deluxe French Vanilla Frosting ,2.29,"450 g, $0.51/100g",bakingEssentials,Superstore
Chia Walnuts Organic,8.99,"130 g, $6.92/100g",bakingEssentials,Superstore
No Calorie Granulated Sugar Substitute,12.99,"275 g, $4.72/100g",bakingEssentials,Superstore
1 To 1 Gluten Free  Baking Flour,13.99,"1240 g, $1.13/100g",bakingEssentials,Superstore
No Calorie Granulated Monk Fruit Sweetener Jar,11.99,"540 g, $2.22/100g",bakingEssentials,Superstore
Thai Gingers,8.99,"454 g, $1.98/100g",bakingEssentials,Superstore
Blue & White Buttery Cream Flavour Swirled Frosting,6.99,"160 g, $4.37/100g",bakingEssentials,Superstore
Gluten Free All Purpose Flour Blend,7.79,"907 g, $0.86/100g",bakingEssentials,Superstore
Coconut Flour Organic,7.99,"453 g, $1.76/100g",bakingEssentials,Superstore
Calorie-Free Sweetener Packets,4.00,"160 g, $2.50/100g",bakingEssentials,Superstore
Organic Goji Berries,13.99,"200 g, $7.00/100g",bakingEssentials,Superstore
"Protein Pancake & Waffle Mix, Blueberry",9.99,"430 g, $2.32/100g",bakingEssentials,Superstore
"Desi Chickpea Flour, Besan",16.49,"5 kg, $0.33/100g",bakingEssentials,Superstore
Ground Red Cayenne Pepper,4.29,"42 g, $10.21/100g",bakingEssentials,Superstore
Protein Pancake & Waffle,11.49,"397 g, $2.89/100g",bakingEssentials,Superstore
Organic All Purpose Flour,12.99,"2 kg, $0.65/100g",bakingEssentials,Superstore
Organic Farro,8.99,"680 g, $1.32/100g",bakingEssentials,Superstore
Golden Seedless Raisins,4.79,"375 g, $1.28/100g",bakingEssentials,Superstore
Palm Sugar,2.99,"454 g, $0.66/100g",bakingEssentials,Superstore
Oatmeal Muffin Mix,4.49,"900 g, $0.50/100g",bakingEssentials,Superstore
Pure Fancy Molasses,4.49,"675 g, $0.67/100g",bakingEssentials,Superstore
"Sweetened Shredded Coconut, Club Size",8.99,"1 kg, $0.90/100g",bakingEssentials,Superstore
Pure Agave Syrup,7.49,"236 g, $3.17/100g",bakingEssentials,Superstore
Oatmeal Cookie Mix,6.29,"900 g, $0.70/100g",bakingEssentials,Superstore
Pitted Prunes Organic,6.99,"225 g, $3.11/100g",bakingEssentials,Superstore
"Cookie Mix, Chocolate Chip, 22 Servings",3.99,"496 g, $0.80/100g",bakingEssentials,Superstore
Natural Source Stevia Calorie-Free Liquid Sweetener,4.99,"50 ml, $9.98/100ml",bakingEssentials,Superstore
Buckwheat Grain,7.79,"454 g, $1.72/100g",bakingEssentials,Superstore
Gluten Free Golden Cake Mix,7.99,"425 g, $1.88/100g",bakingEssentials,Superstore
Nutritional Yeast Large Flake,9.99,"142 g, $7.04/100g",bakingEssentials,Superstore
Protein Pancake & Waffle Mix,9.99,"430 g, $2.32/100g",bakingEssentials,Superstore
Crepe Mix Plain,6.29,"700 g, $0.90/100g",bakingEssentials,Superstore
"Gelatin Mix, Lemon Jelly Powder Light, No Sugar Added",1.29,"9.1 g, $14.18/100g",bakingEssentials,Superstore
Maple Sugar,6.79,"220 g, $3.09/100g",bakingEssentials,Superstore
"The Decadent Semi Sweet Chocolate Chips, Club Size",10.99,"1 kg, $1.10/100g",bakingEssentials,Superstore
Refined Cane Sugar,19.99,"6.81 kg, $0.29/100g",bakingEssentials,Superstore
Edible Glitter Spray,8.49,"10 g, $84.90/100g",bakingEssentials,Superstore
Gluten Free Chocolate Brownie Mix,7.99,"454 g, $1.76/100g",bakingEssentials,Superstore
Best for Blending Flour,6.49,"2.5 kg, $0.26/100g",bakingEssentials,Superstore
"Pie Filling, Lemon",5.99,"540 ml, $1.11/100ml",bakingEssentials,Superstore
No Bake Classic Cheesecake Dessert Kit,3.99,"314 g, $1.27/100g",bakingEssentials,Superstore
Organic Jumbo Raisins Canister,7.49,"425 g, $1.76/100g",bakingEssentials,Superstore
"Whole Tart Montmorency Cherries, Sweetened Dried Fruit",6.99,"150 g, $4.66/100g",bakingEssentials,Superstore
Organic Whole White Chia Seeds,7.29,"300 g, $2.83/100g",bakingEssentials,Superstore
Calorie-Free Sweetener from the Stevia Leaf Sachets/Packets,11.49,"280 g, $4.10/100g",bakingEssentials,Superstore
Chili Powder,4.29,"57 g, $7.53/100g",bakingEssentials,Superstore
Gluten Free Pizza Crust Mix,5.79,"454 g, $1.28/100g",bakingEssentials,Superstore
Pitted Prunes Organic,6.99,"225 g, $3.11/100g",bakingEssentials,Superstore
Buckwheat Grain,7.79,"454 g, $1.72/100g",bakingEssentials,Superstore
Food Colour Deep Orange,1.99,"25 g, $7.96/100g",bakingEssentials,Superstore
Iodized Sea Salt,2.69,"650 g, $0.41/100g",bakingEssentials,Superstore
Super Fine Almond Flour,27.99,"907 g, $3.09/100g",bakingEssentials,Superstore
Craisins Sweetened Dried Cranberries ,2.99,"170 g, $1.76/100g",bakingEssentials,Superstore
Carrot Muffin Mix,6.29,"900 g, $0.70/100g",bakingEssentials,Superstore
Brownie Mix,7.49,"595 g, $1.26/100g",bakingEssentials,Superstore
Maple Sugar,6.79,"220 g, $3.09/100g",bakingEssentials,Superstore
Icing Colour Gel Primary Colours Set,7.99,"4 ea, $2.00/1ea",bakingEssentials,Superstore
Organic Whole Spelt Flour,10.99,"1.25 kg, $0.88/100g",bakingEssentials,Superstore
Dark Chocolate Couverture,3.99,"250 g, $1.60/100g",bakingEssentials,Superstore
No Calorie Single-Serve Sweetener Packets,7.29,"100 g, $7.29/100g",bakingEssentials,Superstore
"Pie Filling, Lemon",5.99,"540 ml, $1.11/100ml",bakingEssentials,Superstore
No Bake Classic Cheesecake Dessert Kit,3.99,"314 g, $1.27/100g",bakingEssentials,Superstore
Refined Cane Sugar,19.99,"6.81 kg, $0.29/100g",bakingEssentials,Superstore
Whole Hazelnuts,4.49,"100 g, $4.49/100g",bakingEssentials,Superstore
Organic Gold Sugar,18.99,"2.5 kg, $0.76/100g",bakingEssentials,Superstore
"Gelatin Mix, Lemon Jelly Powder Light, No Sugar Added",1.29,"9.1 g, $14.18/100g",bakingEssentials,Superstore
Best for Blending Flour,6.49,"2.5 kg, $0.26/100g",bakingEssentials,Superstore
Unbleached All Purpose Flour,12.99,"5 kg, $0.26/100g",bakingEssentials,Superstore
"Chipits 70% Dark Chocolate Chunks, 200G",3.44,"200 g, $2.40/100g",bakingEssentials,Superstore
Pure Lemon Extract,5.49,"59 ml, $9.31/100ml",bakingEssentials,Superstore
Whole Wheat Atta Flour,16.99,"9.07 kg, $0.19/100g",bakingEssentials,Superstore
Pre-Cooked White Corn Meal,3.99,"1 kg, $0.40/100g",bakingEssentials,Superstore
Besan,6.49,"1810 g, $0.36/100g",bakingEssentials,Superstore
"Chipits Mini Kisses Baking Pieces, 270G",3.44,"270 g, $1.77/100g",bakingEssentials,Superstore
Reese'S Mini Baking Pcs,3.44,"270 g, $1.77/100g",bakingEssentials,Superstore
Gluten Free Pancake Mix,7.49,"680 g, $1.10/100g",bakingEssentials,Superstore
Unbleached Flour for Pizza,3.99,"1 kg, $0.40/100g",bakingEssentials,Superstore
Madagascar Bourbon Pure Vanilla Extract,16.49,"120 ml, $13.74/100ml",bakingEssentials,Superstore
Pure Almond Extract,6.79,"59 ml, $11.51/100ml",bakingEssentials,Superstore
Dried Mango,7.49,"150 g, $4.99/100g",bakingEssentials,Superstore
Cream of Tartar,5.49,"62 g, $8.85/100g",bakingEssentials,Superstore
Honey Maid Graham Wafer Crumbs,5.49,"400 g, $1.37/100g",bakingEssentials,Superstore
Old-Fashioned Cake Donut Baking Mix,3.99,"500 g, $0.80/100g",bakingEssentials,Superstore
Pure Vanilla,7.99,"46 ml, $17.37/100ml",bakingEssentials,Superstore
Food Colour Preparation,4.99,"44 ml, $11.34/100ml",bakingEssentials,Superstore
Super Moist Cake Mix Carrot,2.29,"375 g, $0.61/100g",bakingEssentials,Superstore
Cinnamon Toast Crunch Cake Mix,3.99,"375 g, $1.06/100g",bakingEssentials,Superstore
"Daily Favourites Sambar Powder, Masala",3.29,"200 g, $1.65/100g",bakingEssentials,Superstore
Yeast Extract,4.99,"125 g, $3.99/100g",bakingEssentials,Superstore
Super Moist Cake Mix Golden,2.29,"375 g, $0.61/100g",bakingEssentials,Superstore
Bakery Format Quick Rise Yeast Club Pack,9.99,"450 g, $2.22/100g",bakingEssentials,Superstore
Color Right Food Colouring System,29.99,"1 ea, $29.99/1ea",bakingEssentials,Superstore
Super Moist Cake Mix Pecan,2.29,"375 g, $0.61/100g",bakingEssentials,Superstore
"Chocolate Mega Chunks, Semi-Sweet",5.99,"283 g, $2.29/100g",bakingEssentials,Superstore
"Creamy Deluxe Frosting, Chocolate",2.29,"450 g, $0.51/100g",bakingEssentials,Superstore
Plant Based Golden Cake Baking Mix,6.99,"454 g, $1.54/100g",bakingEssentials,Superstore
Pine Nuts,7.99,"100 g, $7.99/100g",bakingEssentials,Superstore
Organic Coconut Cream Full Cream,5.99,"400 ml, $1.50/100ml",bakingEssentials,Superstore
Banana Bread,3.99,"348 g, $1.15/100g",bakingEssentials,Superstore
Peanut Pieces,1.29,"100 g, $1.29/100g",bakingEssentials,Superstore
"Chocolate Mega Chunks, Semi-Sweet",5.99,"283 g, $2.29/100g",bakingEssentials,Superstore
"Creamy Deluxe Frosting, Chocolate",2.29,"450 g, $0.51/100g",bakingEssentials,Superstore
Marshmallow Strawberry,2.49,"250 g, $1.00/100g",bakingEssentials,Superstore
Golden Flax Flour,7.99,"500 g, $1.60/100g",bakingEssentials,Superstore
Organic Cocoa Powder,8.49,"224 g, $3.79/100g",bakingEssentials,Superstore
Brown Rice Flour,5.79,"680 g, $0.85/100g",bakingEssentials,Superstore
Curry Powder,4.29,"47 g, $9.13/100g",bakingEssentials,Superstore
Baker's 100% Pure Unsweetened Chocolate Baking Bar,6.49,"225 g, $2.88/100g",bakingEssentials,Superstore
Whole Flaxseed,4.49,"368 g, $1.22/100g",bakingEssentials,Superstore
Whipped Buttercream Frosting,2.29,"340 g, $0.67/100g",bakingEssentials,Superstore
"Dry Roasted Pumpkin Seeds, Salted",4.49,"200 g, $2.25/100g",bakingEssentials,Superstore
Red Velvet Cupcakes with Cream Cheese Flavoured Frosting,3.99,"465 g, $0.86/100g",bakingEssentials,Superstore
Walnut Halves Club Size,19.99,"1 kg, $2.00/100g",bakingEssentials,Superstore
"Dessert Mix, Crème Brûlée",2.29,"106 g, $2.16/100g",bakingEssentials,Superstore
"Culinary Parchment, Lotus Cups",4.49,"12 ea, $0.37/1ea",bakingEssentials,Superstore
"Large Marshmallows, Club Size",5.99,"1 kg, $0.60/100g",bakingEssentials,Superstore
Organic Cane Sugar,5.99,"1 kg, $0.60/100g",bakingEssentials,Superstore
Organic Ginger Chunks,6.69,"175 g, $3.82/100g",bakingEssentials,Superstore
Fine Grind Almond Flour,16.49,"454 g, $3.63/100g",bakingEssentials,Superstore
Real Food Bar! Granola Bar Mix,9.49,"300 g, $3.16/100g",bakingEssentials,Superstore
Lemon Square Baking Mix,4.49,"500 g, $0.90/100g",bakingEssentials,Superstore
Whole Cashews,3.49,"100 g, $3.49/100g",bakingEssentials,Superstore
Dark Rye Flour,5.99,"2.5 kg, $0.24/100g",bakingEssentials,Superstore
Chocolate Brownie Mix Gluten Free,14.49,"404 g, $3.59/100g",bakingEssentials,Superstore
Oat Flour Gluten Free Whole Grain,8.99,"510 g, $1.76/100g",bakingEssentials,Superstore
Twister Sprinkle Rainbow Mix,4.99,"140 g, $3.56/100g",bakingEssentials,Superstore
Slivered Almonds ,6.49,"400 g, $1.62/100g",bakingEssentials,Superstore
Rice Bread Crumbs,7.99,"500 g, $1.60/100g",bakingEssentials,Superstore
Dried Figs,7.49,"250 g, $3.00/100g",bakingEssentials,Superstore
Steviaclear Liquid Stevia,17.49,"60 ml, $29.15/100ml",bakingEssentials,Superstore
"Tort Wafers, Square",1.99,"100 g, $1.99/100g",bakingEssentials,Superstore
Plant Based Brownie Baking Mix,7.49,"500 g, $1.50/100g",bakingEssentials,Superstore
Black Mission Figs,7.99,"375 g, $2.13/100g",bakingEssentials,Superstore
Pink & White Buttery Cream Flavour Swirled Frosting,6.99,"160 g, $4.37/100g",bakingEssentials,Superstore
Maple Flakes,6.79,"170 g, $3.99/100g",bakingEssentials,Superstore
Sweet Complete Calorie-Free All-Purpose Sweetener from the Stevia Leaf,9.99,"454 g, $2.20/100g",bakingEssentials,Superstore
Madagascar Vanilla Extract,14.99,"59 ml, $25.41/100ml",bakingEssentials,Superstore
Whole Raw Almonds,8.49,"200 g, $4.25/100g",bakingEssentials,Superstore
"Cherries, Cranberries & Dark Chocolate Trail Mix",5.49,"150 g, $4.19/100g",bakingEssentials,Superstore
Pumpkin Pie Filling,5.99,"540 ml, $1.11/100ml",bakingEssentials,Superstore
Organic Sunflower Seeds,2.79,"175 g, $1.59/100g",bakingEssentials,Superstore
Decorator Preferred 24-oz. White Fondant,11.49,"1 ea, $1,149.00/100ea",bakingEssentials,Superstore
Best for Cake & Pastry Flour,6.49,"2.5 kg, $0.26/100g",bakingEssentials,Superstore
Creamy Deluxe Vanilla Frosting ,2.29,"340 g, $0.67/100g",bakingEssentials,Superstore
Pecan Halves,3.00,"100 g, $3.00/100g",bakingEssentials,Superstore
Red Velvet Cupcakes with Cream Cheese Flavoured Frosting,3.99,"465 g, $0.86/100g",bakingEssentials,Superstore
Walnut Halves Club Size,19.99,"1 kg, $2.00/100g",bakingEssentials,Superstore
"Dessert Mix, Crème Brûlée",2.29,"106 g, $2.16/100g",bakingEssentials,Superstore
"Culinary Parchment, Lotus Cups",4.49,"12 ea, $0.37/1ea",bakingEssentials,Superstore
Maple Flakes,6.79,"170 g, $3.99/100g",bakingEssentials,Superstore
Stone Ground Quinoa Flour,11.49,"454 g, $2.53/100g",bakingEssentials,Superstore
Sweetened Shredded Coconut,2.29,"200 g, $1.15/100g",bakingEssentials,Superstore
Real Food Bar! Granola Bar Mix,9.49,"300 g, $3.16/100g",bakingEssentials,Superstore
Steviaclear Liquid Stevia,17.49,"60 ml, $29.15/100ml",bakingEssentials,Superstore
Whole Cashews,3.49,"100 g, $3.49/100g",bakingEssentials,Superstore
Rolled Oats,8.49,"907 g, $0.94/100g",bakingEssentials,Superstore
Blue & Yellow Buttery Cream Flavour Swirled Frosting,6.99,"160 g, $4.37/100g",bakingEssentials,Superstore
"Organic Flour, Whole Wheat",8.99,"2.5 kg, $0.36/100g",bakingEssentials,Superstore
Meringue Powder,5.79,"113 g, $5.12/100g",bakingEssentials,Superstore
Ground Ceylon Cinnamon,11.49,"59 g, $19.47/100g",bakingEssentials,Superstore
Gourmet All Natural Sea Salt,11.29,"737 g, $1.69/100g",bakingEssentials,Superstore
Gluten Free Yellow Loaf Cake Mix,6.29,"400 g, $1.57/100g",bakingEssentials,Superstore
Blackstrap Molasses,5.99,"675 g, $0.89/100g",bakingEssentials,Superstore
Pre Cooked White Corn Meal,6.99,"2.27 kg, $0.31/100g",bakingEssentials,Superstore
Dried Apricots Club Size,19.99,"1 kg, $2.00/100g",bakingEssentials,Superstore
Quick Rise Yeast,2.29,"24 g, $9.54/100g",bakingEssentials,Superstore
Paleo Pancake And Waffle,13.99,"368 g, $3.80/100g",bakingEssentials,Superstore
"Instant Pudding and Pie Filling, Banana Cream",3.29,"135 g, $2.44/100g",bakingEssentials,Superstore
Instant Pudding Strawberry,3.49,"44 g, $7.93/100g",bakingEssentials,Superstore
Dosa Mix,3.49,"500 g, $0.70/100g",bakingEssentials,Superstore
Natural Turbinado Sugar,3.99,"50 g, $1.60/100g",bakingEssentials,Superstore
Jel Dessert Black Cherry Flavour,3.29,"48 g, $6.85/100g",bakingEssentials,Superstore
Super-Fine Natural Almond Flour,17.99,"453 g, $3.97/100g",bakingEssentials,Superstore
"Pie Filling, Raspberry",5.99,"540 ml, $1.11/100ml",bakingEssentials,Superstore
Plant Based Pancake Mix Original,5.49,"400 g, $1.37/100g",bakingEssentials,Superstore
Best For Bread Homestyle White Flour,12.99,"5 kg, $0.26/100g",bakingEssentials,Superstore
Traditional Yeast,5.49,"113 g, $4.86/100g",bakingEssentials,Superstore
Instant Corn Masa Flour Gluten Free,9.49,"1.8 kg, $0.53/100g",bakingEssentials,Superstore
"Tort Wafers, Round",1.99,"100 g, $1.99/100g",bakingEssentials,Superstore
Whole Almonds,2.79,"100 g, $2.79/100g",bakingEssentials,Superstore
Semi-Sweet Chocolate Chips,7.99,"225 g, $3.55/100g",bakingEssentials,Superstore
Salted Caramel Brownies Mix,3.99,"521 g, $0.77/100g",bakingEssentials,Superstore
Pitted Dried Prunes ,18.99,"1.36 kg, $1.40/100g",bakingEssentials,Superstore
Madagascar Bourbon Vanilla Cake Mix,3.99,"500 g, $0.80/100g",bakingEssentials,Superstore
"Baking Flour, Gluten Free",7.99,"624 g, $1.28/100g",bakingEssentials,Superstore
"Cherry Jelly Powder Light, Gelatin Mix",1.29,"11.2 g, $11.52/100g",bakingEssentials,Superstore
Pitted Prunes,6.99,"375 g, $1.86/100g",bakingEssentials,Superstore
Whole Wheat Flour,3.77,"2.5 kg, $0.15/100g",bakingEssentials,Superstore
"Chocolate Mini Chips, Semi-Sweet",5.99,"283 g, $2.29/100g",bakingEssentials,Superstore
Golden All-Vegetable Shortening,4.79,"454 g, $1.06/100g",bakingEssentials,Superstore
Sweet Complete Icing Calorie-Free Sweetener with the Stevia Leaf,9.99,"340 g, $2.94/100g",bakingEssentials,Superstore
Coconut Flour,8.99,"454 g, $1.98/100g",bakingEssentials,Superstore
"Minis Milk Chocolate Candies, Baking Bits, Pouch",7.29,"275 g, $2.65/100g",bakingEssentials,Superstore
Icing Colour Gel Pastel Colours Set,7.99,"4 ea, $2.00/1ea",bakingEssentials,Superstore
Whipped Fluffy White Frosting,2.29,"340 g, $0.67/100g",bakingEssentials,Superstore
"Mango, Blueberry And Grape Crispy Freeze-Dried Fruit Blend",4.49,"28 g, $16.04/100g",bakingEssentials,Superstore
Red Glace Cherries,6.79,"450 g, $1.51/100g",bakingEssentials,Superstore
Walnut Pieces Club Size,15.99,"1 kg, $1.80/100g",bakingEssentials,Superstore
Plant Based Mini Chocolate Chips Semi-Sweet,4.29,"300 g, $1.43/100g",bakingEssentials,Superstore
"Seasoning, Zesty     ",6.49,"250 g, $3.00/100g",bakingEssentials,Superstore
Corn Starch,1.99,"454 g, $0.66/100g",bakingEssentials,Superstore
Mini Baking Cups,3.49,"60 ea, $0.06/1ea",bakingEssentials,Superstore
Complete Original Pancake & Waffle Mix,3.99,"905 g, $0.44/100g",bakingEssentials,Superstore
Lemon Flavour,8.49,"59 ml, $14.39/100ml",bakingEssentials,Superstore
Cake & Pastry Flour,3.77,"2.5 kg, $0.15/100g",bakingEssentials,Superstore
"Cookie Icing, White",3.99,"228 g, $1.75/100g",bakingEssentials,Superstore
Pure Lard,4.79,"454 g, $1.06/100g",bakingEssentials,Superstore
All-Vegetable Shortening Sticks,6.79,"567 g, $1.20/100g",bakingEssentials,Superstore
Best For Bread Whole Wheat Flour,12.99,"5 kg, $0.26/100g",bakingEssentials,Superstore
Baking Chocolate 100% Unsweetened,7.99,"200 g, $4.00/100g",bakingEssentials,Superstore
Organic Milled Roasted Hemp Seed  ,8.99,"340 g, $2.64/100g",bakingEssentials,Superstore
Corn Flour Makki Ka Atta,5.49,"2 kg, $0.27/100g",bakingEssentials,Superstore
Golden Apricot,8.99,"454 g, $1.98/100g",bakingEssentials,Superstore
"Strawberry Jelly Powder, Gelatin Mix",1.99,"170 g, $1.17/100g",bakingEssentials,Superstore
Ancient Grains & Super Seeds Blend,3.29,"227 g, $1.45/100g",bakingEssentials,Superstore
Organic Vanilla Extract,10.99,"59 ml, $18.63/100ml",bakingEssentials,Superstore
Brown Whole Wheat Atta,20.99,"9.07 kg, $0.23/100g",bakingEssentials,Superstore
Shelled Hemp Seeds and Whole Black Chia,10.29,"250 g, $4.60/100g",bakingEssentials,Superstore
Sprinkles Twister Blue Mix,4.99,"140 g, $3.56/100g",bakingEssentials,Superstore
"Shirriff Pudding & Pie Filling, Butterscotch",2.99,"175 g, $1.71/100g",bakingEssentials,Superstore
Flour Tapioca,5.99,"454 g, $1.32/100g",bakingEssentials,Superstore
Brown Sugar,11.99,"340 g, $3.53/100g",bakingEssentials,Superstore
Raw Pine Nuts,16.99,"150 g, $11.33/100g",bakingEssentials,Superstore
Whole Grain Pancake And Waffle Mix,3.29,"905 g, $0.36/100g",bakingEssentials,Superstore
Sugar Cookie Mix,3.99,"496 g, $0.80/100g",bakingEssentials,Superstore
Imitation Coconut Extract,3.99,"43 ml, $9.28/100ml",bakingEssentials,Superstore
Dried Apricots,6.49,"250 g, $2.60/100g",bakingEssentials,Superstore
Imitation Caramel Extract,3.99,"43 ml, $9.28/100ml",bakingEssentials,Superstore
"Food colouring, Green",2.79,"28 ml, $9.96/100ml",bakingEssentials,Superstore
Pure Peppermint & Mint Extract,3.99,"43 ml, $9.28/100ml",bakingEssentials,Superstore
The Decadent Triple Chocolate Brownie Baking Mix,4.49,"535 g, $0.84/100g",bakingEssentials,Superstore
Sweetened Dried Cranberries ,8.99,"750 g, $1.20/100g",bakingEssentials,Superstore
Cake Mix Spice,3.99,"375 g, $1.06/100g",bakingEssentials,Superstore
"SuperMoist Cake Mix, White",2.29,"404 g, $0.57/100g",bakingEssentials,Superstore
Unbleached All-Purpose Flour,11.97,"10 kg, $0.12/100g",bakingEssentials,Superstore
Glutinous Rice Flour,2.49,"400 g, $0.62/100g",bakingEssentials,Superstore
Whole Wheat Flour,11.97,"10 kg, $0.12/100g",bakingEssentials,Superstore
Super Moist Cake Mix Cherry Chips,2.29,"375 g, $0.61/100g",bakingEssentials,Superstore
Granulated White Sugar,15.97,"10 kg, $0.16/100g",bakingEssentials,Superstore
Granulated White Sugar,15.97,"10 kg, $0.16/100g",bakingEssentials,Superstore
No Calorie Dissolvable Sweetener Tablet Minis,6.99,"11 g, $63.55/100g",bakingEssentials,Superstore
Amarena Cherries Candied Sour Cherries in a Flavoured Syrup ,8.49,"225 ml, $3.77/100ml",bakingEssentials,Superstore
Mug Hot Fudge Chocolate Brownie,3.99,"294 g, $1.36/100g",bakingEssentials,Superstore
Sweetened Flaked Coconut,2.29,"200 g, $1.15/100g",bakingEssentials,Superstore
Quick Rise Yeast,5.49,"113 g, $4.86/100g",bakingEssentials,Superstore
Walnut Pieces,2.79,"100 g, $2.79/100g",bakingEssentials,Superstore
Chopped Raw Pecans ,8.49,"200 g, $4.25/100g",bakingEssentials,Superstore
Maraschino Cherries With Syrup,3.99,"375 ml, $1.20/100ml",bakingEssentials,Superstore
Coconut Sugar,5.99,"454 g, $1.32/100g",bakingEssentials,Superstore
"Shirriff Pie Filling, Lemon",2.99,"212 g, $1.41/100g",bakingEssentials,Superstore
Tapioca Pearl,1.39,"400 g, $0.35/100g",bakingEssentials,Superstore
Rice Flour,1.49,"400 g, $0.50/100g",bakingEssentials,Superstore
Plant Based Chocolate Cake Baking Mix,7.49,"454 g, $1.65/100g",bakingEssentials,Superstore
Raw Walnut Halves & Pieces,6.99,"200 g, $3.50/100g",bakingEssentials,Superstore
Banana And Strawberry Crispy Freeze-Dried Fruit Blend,4.49,"28 g, $16.04/100g",bakingEssentials,Superstore
Ground Nutmeg,4.49,"49 g, $9.16/100g",bakingEssentials,Superstore
Whole Wheat Flour,8.49,"2.27 kg, $0.37/100g",bakingEssentials,Superstore
"Jelly Crystals, Strawberry Flavour",1.29,"90 g, $1.43/100g",bakingEssentials,Superstore
Soya Chunks,2.99,"220 g, $1.36/100g",bakingEssentials,Superstore
Pomegranate Juice Concentrate,3.99,"300 ml, $1.33/100ml",bakingEssentials,Superstore
Whole Hazelnuts Club Size ,27.49,"1 kg, $2.75/100g",bakingEssentials,Superstore
Egg Replacer ,6.49,"340 g, $1.91/100g",bakingEssentials,Superstore
Whipped Topping Mix,4.99,"170 g, $2.94/100g",bakingEssentials,Superstore
Chopped Walnuts,8.49,"400 g, $2.12/100g",bakingEssentials,Superstore
White Flour Unbleached Pizza & Pasta Flour Type 00,8.99,"1 kg, $0.90/100g",bakingEssentials,Superstore
The Decadent Chocolate Cake Mix,3.99,"500 g, $0.80/100g",bakingEssentials,Superstore
Granular      ,11.99,"340 g, $3.53/100g",bakingEssentials,Superstore
"Dessert Mix, Crème Caramel",2.29,"105 g, $2.18/100g",bakingEssentials,Superstore
"Pie Filling, Cherry Light & Fruity",5.99,"540 ml, $1.11/100ml",bakingEssentials,Superstore
Oat Flour,6.99,"700 g, $1.00/100g",bakingEssentials,Superstore
Calorie-Free Sweetener Packets,2.99,"200 g, $1.50/100g",bakingEssentials,Superstore
All-Vegetable Shortening,11.99,"1.36 kg, $0.88/100g",bakingEssentials,Superstore
"Mousse Mix, Double Chocolate",2.29,"120 g, $1.91/100g",bakingEssentials,Superstore
Jumbo Marshmallows,2.47,"400 g, $0.70/100g",bakingEssentials,Superstore
Italian Strawberries,7.99,"225 ml, $3.55/100ml",bakingEssentials,Superstore
Cheddar Bay Biscuit Mix,4.99,"322 g, $1.55/100g",bakingEssentials,Superstore
Almond Flour,16.99,"500 g, $3.40/100g",bakingEssentials,Superstore
Organic Goji Berries,18.49,"227 g, $8.15/100g",bakingEssentials,Superstore
Lemon Instant Pudding Mix,1.29,"99 g, $1.30/100g",bakingEssentials,Superstore
Buckwheat Flour,7.49,"624 g, $1.20/100g",bakingEssentials,Superstore
Tapioca Starch,3.79,"400 g, $0.95/100g",bakingEssentials,Superstore
Pitted Prunes,11.99,"750 g, $1.60/100g",bakingEssentials,Superstore
Edible Glitter Spray,8.49,"10 g, $84.90/100g",bakingEssentials,Superstore
Whole Blanched Almonds,2.79,"100 g, $2.79/100g",bakingEssentials,Superstore
Pure Lard,4.29,"454 g, $0.94/100g",bakingEssentials,Superstore
All-Vegetable Shortening,4.49,"454 g, $0.99/100g",bakingEssentials,Superstore
Instant Gulab Jamun Mix,5.49,"0.5 kg, $1.10/100g",bakingEssentials,Superstore
Sultana Raisins,4.79,"375 g, $1.28/100g",bakingEssentials,Superstore
Pitted Prunes,6.79,"375 g, $1.81/100g",bakingEssentials,Superstore
Organic Medjool Dates,14.49,"250 g, $5.80/100g",bakingEssentials,Superstore
"Apricot, Fig, Cherry & Mulberry Dried Fruit Blend",6.79,"200 g, $3.40/100g",bakingEssentials,Superstore
"Grape Jelly Powder, Gelatin Mix",1.29,"85 g, $1.52/100g",bakingEssentials,Superstore
Natural Sweetener Bakers Bag,10.29,"275 g, $3.74/100g",bakingEssentials,Superstore
Filipino Style Chicken Congee Mix Arroz Caldo,1.99,"113 g, $1.76/100g",bakingEssentials,Superstore
Semi-Sweet Chocolate Chips,10.49,"1 kg, $1.05/100g",bakingEssentials,Superstore
"6-Cell Metallic Sprinkles Mix with Turning Lid, 7.09 oz.",7.89,"201 g, $3.93/100g",bakingEssentials,Superstore
Lemon Instant Pudding Mix,1.29,"99 g, $1.30/100g",bakingEssentials,Superstore
Baking Soda,4.79,"454 g, $1.06/100g",bakingEssentials,Superstore
"Brownie Baking Mix, S'mores",3.99,"521 g, $0.77/100g",bakingEssentials,Superstore
Traditional Yeast,2.29,"24 g, $9.54/100g",bakingEssentials,Superstore
Jumbo Marshmallows,2.47,"400 g, $0.70/100g",bakingEssentials,Superstore
Soya Chunks,2.99,"220 g, $1.36/100g",bakingEssentials,Superstore
Pomegranate Juice Concentrate,3.99,"300 ml, $1.33/100ml",bakingEssentials,Superstore
150 Baking Cups,5.49,"150x1.0 ea, $0.04/1ea",bakingEssentials,Superstore
Edible Glitter Spray,8.49,"10 g, $84.90/100g",bakingEssentials,Superstore
"Chipits Dark Chocolate Chips, 775G",11.49,"775 g, $1.48/100g",bakingEssentials,Superstore
Buckwheat Flour,7.49,"624 g, $1.20/100g",bakingEssentials,Superstore
Whole Blanched Almonds,2.79,"100 g, $2.79/100g",bakingEssentials,Superstore
Pure Lard,4.29,"454 g, $0.94/100g",bakingEssentials,Superstore
All-Vegetable Shortening,4.49,"454 g, $0.99/100g",bakingEssentials,Superstore
Instant Gulab Jamun Mix,5.49,"0.5 kg, $1.10/100g",bakingEssentials,Superstore
Calorie-Free Sucralose Sweetener Packets,4.79,"100 ea, $0.05/1ea",bakingEssentials,Superstore
"Triplet Sprinkler, Spring Breeze",5.99,"185 g, $3.24/100g",bakingEssentials,Superstore
"Semi-Sweet Chocolate Chips, Club Size",16.99,"2 kg, $0.85/100g",bakingEssentials,Superstore
Thompson Seedless Raisins,7.99,"750 g, $1.07/100g",bakingEssentials,Superstore
Sweetened Dried Mangoes,14.99,"800 g, $1.87/100g",bakingEssentials,Superstore
"Organic Sprouted Spelt Flour, Whole Grain",12.99,"1 kg, $1.30/100g",bakingEssentials,Superstore
Assorted Food Coloring 4 Pack ,11.49,"1 ea, $11.49/1ea",bakingEssentials,Superstore
Italian Strawberries,7.99,"225 ml, $3.55/100ml",bakingEssentials,Superstore
Chocolate Chunk Brownie Mix,3.99,"440 g, $0.91/100g",bakingEssentials,Superstore
Walnut Pieces,8.49,"400 g, $2.12/100g",bakingEssentials,Superstore
Organic Granulated Sugar,5.99,"900 g, $0.67/100g",bakingEssentials,Superstore
Almond Flour,16.99,"500 g, $3.40/100g",bakingEssentials,Superstore
Raisins,8.49,"750 g, $1.13/100g",bakingEssentials,Superstore
Food Colour,4.99,"40 ml, $12.48/100ml",bakingEssentials,Superstore
Culinary Parchment,4.99,"60 ea, $0.08/1ea",bakingEssentials,Superstore
Pink Frosting Tube,1.49,"80 g, $1.86/100g",bakingEssentials,Superstore
Starch/Flour Arrowroot,7.99,"454 g, $1.76/100g",bakingEssentials,Superstore
Amaz!N Pitted Prunes,9.29,"500 g, $1.86/100g",bakingEssentials,Superstore
Protein Pancake & Waffle Mix Vanilla,9.99,"430 g, $2.32/100g",bakingEssentials,Superstore
"Unicorn Sprinkles, 3-Cell",7.89,"220 g, $3.59/100g",bakingEssentials,Superstore
Cassava Flour Grain Free,14.49,"567 g, $2.56/100g",bakingEssentials,Superstore
Besan Flour,8.49,"2 kg, $0.42/100g",bakingEssentials,Superstore
Whole Black Peppercorns,8.99,"75 g, $11.99/100g",bakingEssentials,Superstore
Erythritol,8.99,"340 g, $2.64/100g",bakingEssentials,Superstore
Peppermint Flavour,8.49,"59 ml, $14.39/100ml",bakingEssentials,Superstore
No Calorie Single-Serve Sweetener Packets,20.79,"400 g, $5.20/100g",bakingEssentials,Superstore
Organic Mangos,6.49,"125 g, $5.19/100g",bakingEssentials,Superstore
Whipped Chocolate Frosting,2.29,"340 g, $0.67/100g",bakingEssentials,Superstore
Ground Almonds,2.79,"100 g, $2.79/100g",bakingEssentials,Superstore
Savoury Onion Super-Seeds,7.79,"175 g, $4.45/100g",bakingEssentials,Superstore
Oatmeal Cookie Mix,3.99,"900 g, $0.44/100g",bakingEssentials,Superstore
White Rice Flour,1.48,"400 g, $0.45/100g",bakingEssentials,Superstore
"Gelatine, Original",3.99,"28 g, $14.25/100g",bakingEssentials,Superstore
"Candles, Coloured Flame",4.49,"1 ea, $4.49/1ea",bakingEssentials,Superstore
All Vegetables Shortening,4.79,"454 g, $1.06/100g",bakingEssentials,Superstore
"Nutritional Yeast, Large Flake",6.99,"142 g, $4.92/100g",bakingEssentials,Superstore
Oatmeal Muffin Mix,6.29,"900 g, $0.70/100g",bakingEssentials,Superstore
Vada Mix,5.49,"500 g, $1.10/100g",bakingEssentials,Superstore
Whole Wheat Flour,22.99,"9.07 kg, $0.25/100g",bakingEssentials,Superstore
"Raspberry Jelly Powder, Gelatin Mix",1.29,"85 g, $1.52/100g",bakingEssentials,Superstore
Canada Corn Starch,6.29,"1 kg, $0.63/100g",bakingEssentials,Superstore
Organic Baking Powder,6.79,"210 g, $3.23/100g",bakingEssentials,Superstore
Vanilla Extract,14.99,"59 ml, $25.41/100ml",bakingEssentials,Superstore
Organic Dark Brown Sugar,7.79,"680 g, $2.05/100g",bakingEssentials,Superstore
"Gluten Free Cake Mix, Golden",6.29,"400 g, $1.57/100g",bakingEssentials,Superstore
"Cane Sugar Blend, Mix of Stevia Sweetener and Cane Sugar, Baking Blend",11.49,"680 g, $1.69/100g",bakingEssentials,Superstore
Raspberry Jel Dessert,3.49,"20 g, $17.45/100g",bakingEssentials,Superstore
Red Velvet Cake Mix,3.99,"500 g, $0.80/100g",bakingEssentials,Superstore
Pastry Flour Soft Wheat,3.99,"1 kg, $0.40/100g",bakingEssentials,Superstore
Unrefined Cane Sugar Blocks Pesi Gur,4.49,"1 kg, $0.45/100g",bakingEssentials,Superstore
Mixed Glace Cherries ,6.79,"450 g, $1.51/100g",bakingEssentials,Superstore
"Candles, Jumbo",2.99,"1 ea, $2.99/1ea",bakingEssentials,Superstore
Organic Pumpkin Seeds,4.69,"185 g, $2.54/100g",bakingEssentials,Superstore
Steel Cut Oats Whole Grain Gluten Free,8.99,"680 g, $1.32/100g",bakingEssentials,Superstore
Almond Flour Super Fine,17.99,"453 g, $3.97/100g",bakingEssentials,Superstore
Food Colour Egg Yellow,1.99,"25 g, $7.96/100g",bakingEssentials,Superstore
Fancy Molasses,4.99,"675 g, $0.74/100g",bakingEssentials,Superstore
Whipped Topping Mix,3.79,"85 g, $4.46/100g",bakingEssentials,Superstore
"Pudding Supreme, French Vanilla",1.59,"90 g, $1.77/100g",bakingEssentials,Superstore
Smoked Paprika,4.29,"52 g, $8.25/100g",bakingEssentials,Superstore
"Lime Jelly Powder, Gelatin Mix",1.29,"85 g, $1.52/100g",bakingEssentials,Superstore
Shirriff Chocolate Pudding & Pie Filling,2.99,"180 g, $1.66/100g",bakingEssentials,Superstore
100 % Natural Brown Cane Sugar,2.69,"1 kg, $0.27/100g",bakingEssentials,Superstore
"Cookies Mix, Cinnamon Toast Crunch",3.99,"357 g, $1.12/100g",bakingEssentials,Superstore
Whole Wheat Flour,6.49,"5 kg, $0.13/100g",bakingEssentials,Superstore
Cornmeal,4.29,"750 g, $0.57/100g",bakingEssentials,Superstore
Whole Wheat All Purpose Flour,12.99,"5 kg, $0.26/100g",bakingEssentials,Superstore
Barbie Edible Icing Sheet vanilla,2.99,"10.5 g, $28.48/100g",bakingEssentials,Superstore
Currants,4.99,"375 g, $1.33/100g",bakingEssentials,Superstore
No Calorie Granulated Stevia Sweetener,8.99,"280 g, $3.21/100g",bakingEssentials,Superstore
Buttermilk Complete Pancake Mix,3.99,"905 g, $0.44/100g",bakingEssentials,Superstore
Maple Flavour Marshmallows,2.49,"400 g, $0.62/100g",bakingEssentials,Superstore
"Chocolate Mousse, 50 Calories",2.29,"37.5 g, $6.11/100g",bakingEssentials,Superstore
Organic Cocoa Nibs,9.49,"227 g, $4.18/100g",bakingEssentials,Superstore
Sliced Blanched Almonds ,6.49,"400 g, $1.62/100g",bakingEssentials,Superstore
Mini Reese's Pieces Cookie Mix,3.99,"337 g, $1.18/100g",bakingEssentials,Superstore
Unsweetened Medium Coconut,3.99,"400 g, $1.00/100g",bakingEssentials,Superstore
Original All Purpose Flour,4.99,"1 kg, $0.50/100g",bakingEssentials,Superstore
Butter Tart Filling Mix,2.99,"180 g, $1.66/100g",bakingEssentials,Superstore
Pure Vanilla Extract,8.99,"59 ml, $15.24/100ml",bakingEssentials,Superstore
Artificial Vanilla Extract,2.99,"125 ml, $2.39/100ml",bakingEssentials,Superstore
Pure Vanilla,17.99,"125 ml, $14.39/100ml",bakingEssentials,Superstore
"Vanilla, Premium Artificial",5.99,"125 ml, $4.79/100ml",bakingEssentials,Superstore
"Chipits White Creme Baking Chips, 200G",3.44,"200 g, $2.15/100g",bakingEssentials,Superstore
Artificial Vanilla Extract,4.99,"250 ml, $2.00/100ml",bakingEssentials,Superstore
"Custard Powder, Mango",2.99,"300 g, $1.00/100g",bakingEssentials,Superstore
Chocolate Pie Crust,2.49,"170 g, $1.46/100g",bakingEssentials,Superstore
Desi Style Durum Flour,18.99,"9.07 kg, $0.21/100g",bakingEssentials,Superstore
Stevia Sweetener Packets,5.29,"80 g, $6.61/100g",bakingEssentials,Superstore
Old-Fashioned Chocolate Cake Donut Baking Mix,3.99,"500 g, $0.80/100g",bakingEssentials,Superstore
Brown Sugar,10.49,"4.55 kg, $0.23/100g",bakingEssentials,Superstore
Natural Source Granulated Stevia Calorie-Free Sweetener,6.49,"275 g, $2.36/100g",bakingEssentials,Superstore
Upma Breakfast Mix,1.99,"200 g, $1.00/100g",bakingEssentials,Superstore
Mug Cake Double Chocolate Cake with Fudge Topping,3.99,"266 g, $1.50/100g",bakingEssentials,Superstore
Organic Black Chia Seed,7.99,"300 g, $2.66/100g",bakingEssentials,Superstore
Curry Powder Masala Rasam Powder,3.29,"200 g, $1.65/100g",bakingEssentials,Superstore
Durum Atta Flour,19.99,"9 kg, $0.22/100g",bakingEssentials,Superstore
Textured Vegetable Protein,5.79,"340 g, $1.70/100g",bakingEssentials,Superstore
Rava Idli Mix,3.29,"500 g, $0.66/100g",bakingEssentials,Superstore
Iodized Table Salt,1.69,"1 kg, $0.17/100g",spices_seasoning,Superstore
Garlic Powder,2.49,"150 g, $1.66/100g",spices_seasoning,Superstore
Onion Powder,2.49,"150 g, $1.66/100g",spices_seasoning,Superstore
Chopped Garlic,4.00,"250 g, $1.60/100g",spices_seasoning,Superstore
Ground Black Pepper,2.49,"150 g, $1.66/100g",spices_seasoning,Superstore
Oregano Leaves,2.49,"30 g, $8.30/100g",spices_seasoning,Superstore
Paprika,2.49,"150 g, $1.66/100g",spices_seasoning,Superstore
Italian-Style Seasoning,2.49,"35 g, $7.11/100g",spices_seasoning,Superstore
Chili Powder,2.49,"150 g, $1.66/100g",spices_seasoning,Superstore
Black Peppercorns,2.49,"125 g, $1.99/100g",spices_seasoning,Superstore
Ground Cinnamon,2.49,"150 g, $1.66/100g",spices_seasoning,Superstore
Ground Cumin,2.49,"97 g, $2.57/100g",spices_seasoning,Superstore
Panko,3.49,"227 g, $1.54/100g",spices_seasoning,Superstore
Parsley Flakes,2.49,"15 g, $16.60/100g",spices_seasoning,Superstore
Sesame Seeds,2.49,"150 g, $1.66/100g",spices_seasoning,Superstore
Crushed Red Pepper ,2.49,"60 g, $4.15/100g",spices_seasoning,Superstore
Basil Leaves,2.49,"40 g, $6.23/100g",spices_seasoning,Superstore
Extra Crispy Coating Mix ,3.00,"152 g, $1.97/100g",spices_seasoning,Superstore
Italian Style Bread Crumbs with Italian Romano Cheese,5.29,"680 g, $0.78/100g",spices_seasoning,Superstore
Bay Leaves,2.49,"20 g, $12.45/100g",spices_seasoning,Superstore
"La Grille, Montreal Steak Spice Seasoning",6.00,"188 g, $3.19/100g",spices_seasoning,Superstore
Garlic Powder Club Size,6.99,"700 g, $1.14/100g",spices_seasoning,Superstore
Chopped Garlic,6.99,"1 kg, $0.70/100g",spices_seasoning,Superstore
Minced Ginger,3.29,"120 g, $2.74/100g",spices_seasoning,Superstore
Shake 'n Bake Coating Mix Original Crispy,4.79,"142 g, $3.37/100g",spices_seasoning,Superstore
Thyme Leaves,2.49,"45 g, $5.53/100g",spices_seasoning,Superstore
Panko Bread Crumbs,4.29,"227 g, $1.89/100g",spices_seasoning,Superstore
"Kosher Salt, Coarse",4.99,"1.36 kg, $0.37/100g",spices_seasoning,Superstore
Rosemary Leaves,2.49,"50 g, $4.98/100g",spices_seasoning,Superstore
"Garlic, Minced",4.79,"250 g, $1.92/100g",spices_seasoning,Superstore
Curry Powder,2.49,"125 g, $1.99/100g",spices_seasoning,Superstore
Shake 'n Bake Coating Mix Crispy Southern Fried,4.79,"142 g, $3.37/100g",spices_seasoning,Superstore
Ground Ginger,2.49,"100 g, $2.49/100g",spices_seasoning,Superstore
Plain Bread Crumbs,3.79,"425 g, $1.01/100g",spices_seasoning,Superstore
Seasoned Panko Bread Crumbs,3.50,"227 g, $1.54/100g",spices_seasoning,Superstore
Kosher Salt,3.99,"1.36 kg, $0.29/100g",spices_seasoning,Superstore
Crispy Rice Marshmallow Squares,6.99,"528 g, $1.32/100g",spices_seasoning,Superstore
Green Cardamom Seed ,2.99,"50 g, $5.98/100g",spices_seasoning,Superstore
Vanilla Extract Pure,9.99,"125 ml, $7.99/100ml",spices_seasoning,Superstore
Original Coating Mix ,3.00,"142 g, $2.11/100g",spices_seasoning,Superstore
Southern Fried-Style Coating Mix ,3.00,"142 g, $2.11/100g",spices_seasoning,Superstore
Memories Of Sicilia Fine Sea Salts,2.99,"750 g, $0.40/100g",spices_seasoning,Superstore
"Signature, Blends Italiano",6.79,"123 g, $5.52/100g",spices_seasoning,Superstore
Cinnamon Sticks,2.49,"100 g, $2.49/100g",spices_seasoning,Superstore
Smoked Paprika,3.99,"41 g, $9.73/100g",spices_seasoning,Superstore
Garlic Salt,2.49,"250 g, $1.00/100g",spices_seasoning,Superstore
"One Step Seasoning, Greek",6.79,"120 g, $5.66/100g",spices_seasoning,Superstore
"Signature Blend, Cajun",6.79,"120 g, $5.66/100g",spices_seasoning,Superstore
Chili Powder Seasoning,5.99,"140 g, $4.22/100g",spices_seasoning,Superstore
Spice Mix Bbq,12.99,"710 g, $1.83/100g",spices_seasoning,Superstore
Rasoi Dal Makhani Mix,1.79,"50 g, $3.58/100g",spices_seasoning,Superstore
Coating Mix Crispy Pork,4.79,"160 g, $2.99/100g",spices_seasoning,Superstore
Magic Butter Chicken,1.79,"50 g, $3.58/100g",spices_seasoning,Superstore
La Grille All Purpose Seasoning Cracked Pepper & Garlic With Sea Salt,6.00,"171 g, $3.51/100g",spices_seasoning,Superstore
Plant Based Pea Crumbs,3.29,"250 g, $1.32/100g",spices_seasoning,Superstore
Kashmiri Mirch Masala,2.29,"100 g, $2.29/100g",spices_seasoning,Superstore
Smoked Paprika ,5.99,"40 g, $14.98/100g",spices_seasoning,Superstore
Premium Curry Powder,3.99,"400 g, $1.00/100g",spices_seasoning,Superstore
Poppy Seeds,7.49,"500 g, $1.50/100g",spices_seasoning,Superstore
Thai Red Curry Paste,2.49,"50 g, $4.98/100g",spices_seasoning,Superstore
Paprika,5.29,"400 g, $1.32/100g",spices_seasoning,Superstore
Japanese Bread Crumbs    ,3.99,"227 g, $1.76/100g",spices_seasoning,Superstore
Nihari Curry Spice Mix,2.29,"60 g, $3.82/100g",spices_seasoning,Superstore
La Grille Flavoured Seasoning Brown Sugar Bourbon,6.00,"178 g, $3.37/100g",spices_seasoning,Superstore
Smoked Maple Rub,9.99,"108 g, $9.25/100g",spices_seasoning,Superstore
Ground Coriander Dhaniya,5.29,"800 g, $0.66/100g",spices_seasoning,Superstore
Kebab Spices,0.99,"30 g, $3.30/100g",spices_seasoning,Superstore
Dehydrated Chopped Onion,5.99,"300 g, $2.00/100g",spices_seasoning,Superstore
Celery Seed,3.99,"50 g, $7.98/100g",spices_seasoning,Superstore
Ground Coriander ,2.49,"300 g, $0.83/100g",spices_seasoning,Superstore
Seasoning Blend Chaat Masala,2.69,"100 g, $2.69/100g",spices_seasoning,Superstore
"Seasoning, Cajun",14.49,"675 g, $2.15/100g",spices_seasoning,Superstore
"Red Chili Peppers, Lal Mirch",2.00,"100 g, $2.00/100g",spices_seasoning,Superstore
Freeze Dried Dill,7.99,"10 g, $79.90/100g",spices_seasoning,Superstore
Black Peppercorn,11.49,"400 g, $2.87/100g",spices_seasoning,Superstore
Cajun Seasoning,3.99,"125 g, $3.19/100g",spices_seasoning,Superstore
Chili Powder Organic,2.79,"31 g, $9.00/100g",spices_seasoning,Superstore
"One Step Seasoning, Tex Mex",11.99,"560 g, $2.14/100g",spices_seasoning,Superstore
Dill Weed ,5.99,"14 g, $42.79/100g",spices_seasoning,Superstore
Cinnamon Sugar,3.99,"82 g, $4.87/100g",spices_seasoning,Superstore
Ground Nutmeg ,5.99,"37 g, $16.19/100g",spices_seasoning,Superstore
Sabji Masala,2.29,"100 g, $2.29/100g",spices_seasoning,Superstore
Kalonji Seed ,2.29,"200 g, $1.15/100g",spices_seasoning,Superstore
Crushed Red Pepper,7.99,"350 g, $2.28/100g",spices_seasoning,Superstore
Bay Leaves,5.49,"7 g, $78.43/100g",spices_seasoning,Superstore
Mild Curry Powder,4.99,"42 g, $11.88/100g",spices_seasoning,Superstore
La Grille Seasoning Xtra Coarse Build,6.49,"168 g, $3.86/100g",spices_seasoning,Superstore
Amchur Powder,2.29,"100 g, $2.29/100g",spices_seasoning,Superstore
Madras Curry Powder (Mild),3.79,"400 g, $0.95/100g",spices_seasoning,Superstore
Chicken Parmesan Seasoning Mix,1.99,"32 g, $6.22/100g",spices_seasoning,Superstore
Roasted Black Sesame Seeds,4.49,"227 g, $1.98/100g",spices_seasoning,Superstore
Big Country Garlic Seasoning,8.99,"380 g, $2.37/100g",spices_seasoning,Superstore
"Black Peppercorns, Kali Mirch",3.29,"100 g, $3.29/100g",spices_seasoning,Superstore
Crispy Fried Onions,4.99,"400 g, $1.25/100g",spices_seasoning,Superstore
Ground Cayenne Pepper ,4.99,"33 g, $15.12/100g",spices_seasoning,Superstore
Fleur de Sel de Camargue,11.99,"125 g, $9.59/100g",spices_seasoning,Superstore
Seasoning Salt,3.99,"225 g, $1.77/100g",spices_seasoning,Superstore
Big Country Garlic Seasoning,8.99,"380 g, $2.37/100g",spices_seasoning,Superstore
Fleur de Sel de Camargue,11.99,"125 g, $9.59/100g",spices_seasoning,Superstore
"Cumin Seeds, Jeera",9.49,"400 g, $2.37/100g",spices_seasoning,Superstore
Chana Masala,2.29,"100 g, $2.29/100g",spices_seasoning,Superstore
Kitchen King Spice Blend,2.29,"100 g, $2.29/100g",spices_seasoning,Superstore
Memories Of Sicilia Coarse Sea Salts,2.99,"750 g, $0.40/100g",spices_seasoning,Superstore
Coarse Sea Salt,4.99,"500 g, $1.00/100g",spices_seasoning,Superstore
"Sea Salt, Fine",4.99,"500 g, $1.00/100g",spices_seasoning,Superstore
Steak Seasoning,8.00,"725 g, $1.10/100g",spices_seasoning,Superstore
Salt Free Salt Substitute,6.79,"311 g, $2.18/100g",spices_seasoning,Superstore
Dehydrated Minced Onion,2.49,"105 g, $2.37/100g",spices_seasoning,Superstore
Rainbow Peppercorn Blend,4.49,"45 g, $9.98/100g",spices_seasoning,Superstore
"Signature Blends, Salt Free Garlic",6.79,"142 g, $4.78/100g",spices_seasoning,Superstore
Seasoning Steak,6.99,"170 g, $4.11/100g",spices_seasoning,Superstore
Marjoram Leaves,4.99,"11 g, $45.36/100g",spices_seasoning,Superstore
Poultry Rub Seasoning,3.99,"100 g, $3.99/100g",spices_seasoning,Superstore
Black Peppercorns,16.99,"575 g, $2.95/100g",spices_seasoning,Superstore
Cayenne Pepper,7.29,"81 g, $9.00/100g",spices_seasoning,Superstore
Onion Salt,2.49,"200 g, $1.25/100g",spices_seasoning,Superstore
All Purpose Seasoning Everything Bagel,6.79,"141 g, $4.82/100g",spices_seasoning,Superstore
"Ground Cinnamon, Club Size",8.49,"560 g, $1.52/100g",spices_seasoning,Superstore
Freeze-Dried Chives,2.49,"5.5 g, $45.27/100g",spices_seasoning,Superstore
Black Peppercorns Grinder,4.29,"34 g, $12.62/100g",spices_seasoning,Superstore
Smoked Paprika,10.49,"116 g, $9.04/100g",spices_seasoning,Superstore
Cinnamon Ground Organic,2.79,"40 g, $6.98/100g",spices_seasoning,Superstore
"Signature Blends, Parmesan & Herbs",6.79,"135 g, $5.03/100g",spices_seasoning,Superstore
"La Grille, Montreal Chicken Seasoning",6.00,"170 g, $3.53/100g",spices_seasoning,Superstore
Onion Powder Organic,2.79,"44 g, $6.34/100g",spices_seasoning,Superstore
Mediterranean Sea Salts,7.49,"360 g, $2.08/100g",spices_seasoning,Superstore
Rosemary Leaves,4.29,"23 g, $18.65/100g",spices_seasoning,Superstore
"Signature Blends, Lemon and Herbs",6.79,"134 g, $5.07/100g",spices_seasoning,Superstore
"La Grille, No Salt Added Steak Spice Seasoning",6.00,"130 g, $4.62/100g",spices_seasoning,Superstore
"La Grille, Spicy Pepper Medley",6.00,"150 g, $4.00/100g",spices_seasoning,Superstore
One Step Seasonings Rotisserie Chicken,6.49,"161 g, $4.03/100g",spices_seasoning,Superstore
La Grille Montreal Chicken Wet Rub,6.29,"200 ml, $3.15/100ml",spices_seasoning,Superstore
La Grille Smokehouse Maple Wet Rub,6.29,"200 ml, $3.15/100ml",spices_seasoning,Superstore
Sun-Dried Tomato & Herb Seasoning Blend,3.99,"85 g, $4.69/100g",spices_seasoning,Superstore
Ground Ginger,3.99,"37 g, $10.78/100g",spices_seasoning,Superstore
Poultry Seasoning,2.49,"70 g, $3.56/100g",spices_seasoning,Superstore
Double Mustard Superfine Powder,6.49,"113 g, $5.74/100g",spices_seasoning,Superstore
Coriander Seed ,1.49,"100 g, $1.49/100g",spices_seasoning,Superstore
Pickling Spices,3.49,"200 g, $1.75/100g",spices_seasoning,Superstore
Organic Garlic Salt Grinder,8.99,"123 g, $7.31/100g",spices_seasoning,Superstore
"Chilli Powder, Hot",4.49,"400 g, $1.12/100g",spices_seasoning,Superstore
Spice Blend Spanish Paella,3.49,"90 g, $3.88/100g",spices_seasoning,Superstore
T Plus Masala,2.29,"35 g, $6.54/100g",spices_seasoning,Superstore
Pakora Masala,2.29,"100 g, $2.29/100g",spices_seasoning,Superstore
Organic Garlic Salt Grinder,8.99,"123 g, $7.31/100g",spices_seasoning,Superstore
"Chilli Powder, Hot",4.49,"400 g, $1.12/100g",spices_seasoning,Superstore
Ground Cloves ,5.99,"33 g, $18.15/100g",spices_seasoning,Superstore
Spice Mix Tandoori Masala,12.99,"710 g, $1.83/100g",spices_seasoning,Superstore
Sambar Masala Spice Mix,2.29,"100 g, $2.29/100g",spices_seasoning,Superstore
Organic Crushed Red Pepper,2.79,"23 g, $12.13/100g",spices_seasoning,Superstore
Crushed Chillies,3.49,"200 g, $1.75/100g",spices_seasoning,Superstore
Aleppo Pepper,5.49,"50 g, $10.98/100g",spices_seasoning,Superstore
Corn Flake Crumbs,7.29,"575 g, $1.27/100g",spices_seasoning,Superstore
Sage,4.49,"12 g, $37.42/100g",spices_seasoning,Superstore
Garlic Powder ,5.99,"54 g, $11.09/100g",spices_seasoning,Superstore
Beef Shawarma Spice    ,2.79,"50 g, $5.58/100g",spices_seasoning,Superstore
T Plus Masala,2.29,"35 g, $6.54/100g",spices_seasoning,Superstore
Pakora Masala,2.29,"100 g, $2.29/100g",spices_seasoning,Superstore
Seasoning Beef Rub    ,6.79,"151 g, $4.50/100g",spices_seasoning,Superstore
Fiori Di Sicilia  Natural Citrus And Vanilla Flavour,5.99,"59 ml, $10.15/100ml",spices_seasoning,Superstore
Cloves,3.29,"75 g, $4.39/100g",spices_seasoning,Superstore
Oregano      ,3.99,"50 g, $7.98/100g",spices_seasoning,Superstore
"Tikka Seekh Kebab, BBQ",2.29,"50 g, $4.58/100g",spices_seasoning,Superstore
Curry Powder Organic,2.79,"40 g, $6.98/100g",spices_seasoning,Superstore
Bread Crumbs Italian Seasoned,4.19,"425 g, $0.99/100g",spices_seasoning,Superstore
Bay Leaves,8.99,"13 g, $69.15/100g",spices_seasoning,Superstore
Basil,6.49,"8 g, $81.13/100g",spices_seasoning,Superstore
Recipe & Seasoning Mix Chapli Kabab,2.29,"100 g, $2.29/100g",spices_seasoning,Superstore
Rosemary Leaves,7.49,"40 g, $18.73/100g",spices_seasoning,Superstore
Salads'n Dips Seasoning Mix Spicy Guacamole,1.19,"20 g, $5.95/100g",spices_seasoning,Superstore
Star Anise,4.99,"80 g, $6.24/100g",spices_seasoning,Superstore
Palak Paneer Mix,1.79,"50 g, $3.58/100g",spices_seasoning,Superstore
Sizzlin' Butter Seasoning,7.29,"184 g, $3.96/100g",spices_seasoning,Superstore
Parsley Flakes,6.49,"20 g, $32.45/100g",spices_seasoning,Superstore
Kala Namak Black Salt Powder,3.29,"400 g, $0.82/100g",spices_seasoning,Superstore
"Ground Black Pepper, Kali Mirch",10.99,"400 g, $2.75/100g",spices_seasoning,Superstore
Shake'n Bake Chicken Coating Mix,8.49,"283 g, $3.00/100g",spices_seasoning,Superstore
Smoky Southwest Seasoning,8.99,"380 g, $2.37/100g",spices_seasoning,Superstore
"Plain Bread Crumbs, Panko",5.29,"227 g, $2.33/100g",spices_seasoning,Superstore
Thyme Leaves ,4.99,"13 g, $38.38/100g",spices_seasoning,Superstore
Zaatar Jordanian Blend    ,7.49,"454 g, $1.65/100g",spices_seasoning,Superstore
Garam Masala,4.29,"400 g, $1.07/100g",spices_seasoning,Superstore
Grilling Organic Steak Seasoning,9.99,"100 g, $9.99/100g",spices_seasoning,Superstore
Ground Turmeric ,3.49,"400 g, $0.87/100g",spices_seasoning,Superstore
"Fenugreek Seeds, Methi Dana",2.29,"400 g, $0.57/100g",spices_seasoning,Superstore
Ground Savory,4.99,"35 g, $14.26/100g",spices_seasoning,Superstore
Iodized Sea Salt    ,1.99,"750 g, $0.27/100g",spices_seasoning,Superstore
Coating Mix Extra Crispy,4.79,"152 g, $3.15/100g",spices_seasoning,Superstore
Panko Bread Crumbs,4.49,"340 g, $1.32/100g",spices_seasoning,Superstore
Organic Groud Cumin,2.79,"40 g, $6.98/100g",spices_seasoning,Superstore
Shahi Paneer Masala,2.29,"100 g, $2.29/100g",spices_seasoning,Superstore
Flavour Bomb Seasoning,7.29,"191 g, $3.82/100g",spices_seasoning,Superstore
Parsley Leaves,3.99,"8 g, $49.88/100g",spices_seasoning,Superstore
Organic Paprika,2.79,"40 g, $6.98/100g",spices_seasoning,Superstore
Ground Turmeric,4.49,"43 g, $10.44/100g",spices_seasoning,Superstore
Whole Cloves,4.99,"31 g, $16.10/100g",spices_seasoning,Superstore
Celery Salt,7.99,"190 g, $4.21/100g",spices_seasoning,Superstore
Hot+ Ranch Seasoning,6.79,"165 g, $4.12/100g",spices_seasoning,Superstore
Chili Powder,8.99,"138 g, $6.51/100g",spices_seasoning,Superstore
Poppy Seeds,2.49,"150 g, $1.66/100g",spices_seasoning,Superstore
"La Grille, Salt Free Salmon Seasoning",6.00,"140 g, $4.29/100g",spices_seasoning,Superstore
Ground Sage,2.49,"80 g, $3.11/100g",spices_seasoning,Superstore
Medium Curry Powder,4.99,"42 g, $11.88/100g",spices_seasoning,Superstore
Dill Weed,8.49,"50 g, $16.98/100g",spices_seasoning,Superstore
Paprika,8.29,"119 g, $6.97/100g",spices_seasoning,Superstore
Ground Chipotle Chili Pepper,3.99,"54 g, $7.39/100g",spices_seasoning,Superstore
Everything Bagel Seasoning,3.99,"65 g, $6.14/100g",spices_seasoning,Superstore
Garlic Parmesan Seasoning,7.29,"122 g, $5.98/100g",spices_seasoning,Superstore
Black Peppercorns,4.99,"48 g, $10.40/100g",spices_seasoning,Superstore
Garam Masala Spice Blend,4.99,"70 g, $7.13/100g",spices_seasoning,Superstore
Hot+Honey Seasoning,6.79,"170 g, $39.94/100g",spices_seasoning,Superstore
Garlic Powder,6.79,"165 g, $4.12/100g",spices_seasoning,Superstore
Garlic Salt,8.99,"220 g, $4.09/100g",spices_seasoning,Superstore
Himalayan Pink Rock Salts Grinder,3.99,"70 g, $5.70/100g",spices_seasoning,Superstore
Harissa Spice Blend,4.99,"100 g, $4.99/100g",spices_seasoning,Superstore
Dry Mustard,4.79,"88 g, $5.44/100g",spices_seasoning,Superstore
Thyme Leaves,9.79,"102 g, $9.60/100g",spices_seasoning,Superstore
Sea Salt Grinder,4.49,"60 g, $7.48/100g",spices_seasoning,Superstore
Roasted Garlic & Herb Seasoning,7.29,"156 g, $4.67/100g",spices_seasoning,Superstore
Peri Peri Spice Blend,4.99,"85 g, $5.87/100g",spices_seasoning,Superstore
Himalayan Rock Salts ,4.49,"100 g, $4.49/100g",spices_seasoning,Superstore
"Allspice, Ground",5.49,"35 g, $15.69/100g",spices_seasoning,Superstore
"La Grille, Seasoned Salt",6.00,"248 g, $2.42/100g",spices_seasoning,Superstore
Pickling Spice (Pouch),3.49,"110 g, $3.17/100g",spices_seasoning,Superstore
Canning & Pickling Coarse Salt,3.49,"1.36 kg, $0.26/100g",spices_seasoning,Superstore
Seasoned Salt,6.49,"450 g, $1.44/100g",spices_seasoning,Superstore
Ground Sumac     ,8.99,"200 g, $4.50/100g",spices_seasoning,Superstore
English Style Fish & Chips Batter Mix,3.29,"284 g, $1.16/100g",spices_seasoning,Superstore
Paprika,4.99,"35 g, $14.26/100g",spices_seasoning,Superstore
Himalayan Pink Salt Grinder,4.29,"70 g, $6.13/100g",spices_seasoning,Superstore
Powder Pomegranate,3.29,"200 g, $1.65/100g",spices_seasoning,Superstore
Organic Black Pepper Grinder,8.99,"75 g, $11.99/100g",spices_seasoning,Superstore
No Sodium Salt Substitute,7.49,"311 g, $2.41/100g",spices_seasoning,Superstore
Turkish Spice Blend,5.49,"60 g, $9.15/100g",spices_seasoning,Superstore
Ground Turmeric ,4.99,"32 g, $15.59/100g",spices_seasoning,Superstore
Crushed Chili Peppers ,7.49,"500 g, $1.50/100g",spices_seasoning,Superstore
Crushed Red Pepper,3.50,"35 g, $10.00/100g",spices_seasoning,Superstore
Couscous Spice     ,2.29,"50 g, $4.58/100g",spices_seasoning,Superstore
Cumin Seeds,4.99,"50 g, $9.98/100g",spices_seasoning,Superstore
Ground Sage ,4.99,"14 g, $35.64/100g",spices_seasoning,Superstore
Powder Pomegranate,3.29,"200 g, $1.65/100g",spices_seasoning,Superstore
Butter Chicken Spice Mix,2.29,"50 g, $4.58/100g",spices_seasoning,Superstore
Roasted Sesame Seeds,4.49,"227 g, $1.98/100g",spices_seasoning,Superstore
La Grille Chimichurri Seasoning Finish,6.49,"65 g, $9.98/100g",spices_seasoning,Superstore
Seasoning Blend Chicken Masala Flavour,2.69,"100 g, $2.69/100g",spices_seasoning,Superstore
Pork Coating Mix,3.00,"162 g, $1.85/100g",spices_seasoning,Superstore
Fennel Seed ,5.29,"250 g, $2.12/100g",spices_seasoning,Superstore
Zaatar Aleppo Blend    ,7.49,"454 g, $1.65/100g",spices_seasoning,Superstore
Seasoning Blend Meat Masala Flavour,2.69,"100 g, $2.69/100g",spices_seasoning,Superstore
Sage Leaves     ,3.99,"80 g, $4.99/100g",spices_seasoning,Superstore
Caraway Seeds,4.99,"50 g, $9.98/100g",spices_seasoning,Superstore
Pumpkin Pie Spice,5.49,"35 g, $15.69/100g",spices_seasoning,Superstore
Hot+Cheesy Seasoning,6.79,"145 g, $4.68/100g",spices_seasoning,Superstore
Red Pepper Powder Fine Grind,6.99,"500 g, $1.40/100g",spices_seasoning,Superstore
"Garlic, Puree",2.49,"125 g, $2.39/100g",spices_seasoning,Superstore
Grinder Refill Himalayan Pink Salt Extra Coarse,6.49,"255 g, $2.55/100g",spices_seasoning,Superstore
Cumin Seeds,4.99,"50 g, $9.98/100g",spices_seasoning,Superstore
Seasoning Blend Kitchen King Masala Flavour,2.69,"100 g, $2.69/100g",spices_seasoning,Superstore
Organic Ground Coriander,2.79,"28 g, $9.96/100g",spices_seasoning,Superstore
Ground Sage ,4.99,"14 g, $35.64/100g",spices_seasoning,Superstore
Seven Spice     ,2.29,"50 g, $4.58/100g",spices_seasoning,Superstore
Season-Up! Powdered Seasoning All Purpose,4.29,"200 g, $2.15/100g",spices_seasoning,Superstore
Couscous Spice     ,2.29,"50 g, $4.58/100g",spices_seasoning,Superstore
Saffron ,13.99,"0.5 g, $2,798.00/100g",spices_seasoning,Superstore
Ground Sumac,2.79,"50 g, $5.58/100g",spices_seasoning,Superstore
Seasoned Bread Crumbs,3.79,"425 g, $1.01/100g",spices_seasoning,Superstore
Garam Masala,2.69,"100 g, $2.69/100g",spices_seasoning,Superstore
Chicken Curry Masala,2.29,"100 g, $2.29/100g",spices_seasoning,Superstore
Ground Cinnamon,5.99,"42 g, $14.26/100g",spices_seasoning,Superstore
Ground Coriander ,1.29,"100 g, $1.29/100g",spices_seasoning,Superstore
Brown Mustard Seed ,1.49,"100 g, $1.49/100g",spices_seasoning,Superstore
Eggnog Spice Seasoning Blend,7.99,"53 g, $15.08/100g",spices_seasoning,Superstore
Shahi Paneer Mix,1.79,"60 g, $2.98/100g",spices_seasoning,Superstore
"Carom Seeds, Ajwain",1.99,"100 g, $1.99/100g",spices_seasoning,Superstore
Seasoning Blend Punjabi Chole Masala Flavour,2.69,"100 g, $2.69/100g",spices_seasoning,Superstore
Anchar Gosht Masala Mix,2.29,"50 g, $4.58/100g",spices_seasoning,Superstore
Organic Ground Ginger,2.79,"26 g, $10.73/100g",spices_seasoning,Superstore
Caribbean Spice & Roasted Garlic,5.49,"800 g, $0.69/100g",spices_seasoning,Superstore
Chunky Chat Masala,2.29,"100 g, $2.29/100g",spices_seasoning,Superstore
Chicken Shawarma Spice,2.79,"50 g, $5.58/100g",spices_seasoning,Superstore
Herbes de Provence,5.49,"18 g, $30.50/100g",spices_seasoning,Superstore
Garlic Flakes,3.29,"200 g, $1.65/100g",spices_seasoning,Superstore
Punjabi Garam Masala,4.49,"400 g, $1.12/100g",spices_seasoning,Superstore
Classic Table Salt Iodized Sea Salt,3.49,"1200 g, $0.29/100g",spices_seasoning,Superstore
Spearmint Leaves,3.99,"16 g, $24.94/100g",spices_seasoning,Superstore
Organic Ground Black Pepper,2.79,"28 g, $9.96/100g",spices_seasoning,Superstore
"Spice Mix, Butter Chicken Masala",3.29,"100 g, $3.29/100g",spices_seasoning,Superstore
La Grille Flavoured Seasoning Smoky Ranchero,6.49,"135 g, $4.81/100g",spices_seasoning,Superstore
Ground Cumin,4.99,"42 g, $11.88/100g",spices_seasoning,Superstore
Ground Allspice,4.99,"42 g, $11.88/100g",spices_seasoning,Superstore
Black Peppercorn Grinder,4.49,"35 g, $12.83/100g",spices_seasoning,Superstore
Basil,3.99,"16 g, $24.94/100g",spices_seasoning,Superstore
La Grille Flavoured Seasoning Smoky Ranchero,6.49,"135 g, $4.81/100g",spices_seasoning,Superstore
Ground Black Pepper,12.49,"540 g, $2.59/100g",spices_seasoning,Superstore
Italian Seasoning Organic,2.79,"11 g, $25.36/100g",spices_seasoning,Superstore
Ground Coriander,3.99,"36 g, $11.08/100g",spices_seasoning,Superstore
Ground Thyme,2.49,"80 g, $3.11/100g",spices_seasoning,Superstore
Sea Salt   ,4.49,"77 g, $5.83/100g",spices_seasoning,Superstore
"La Grille, Southern-Style BBQ Seasoning",6.00,"125 g, $4.80/100g",spices_seasoning,Superstore
Thyme Leaves,6.49,"24 g, $27.04/100g",spices_seasoning,Superstore
Ground Cloves,5.49,"37 g, $14.84/100g",spices_seasoning,Superstore
Ground Cinnamon,4.99,"51 g, $9.78/100g",spices_seasoning,Superstore
Turmeric Pure,2.89,"120 g, $2.41/100g",spices_seasoning,Superstore
"La Grille, Smouldering Smoked Applewood Seasoning",6.00,"168 g, $3.57/100g",spices_seasoning,Superstore
Basil Leaves,5.99,"37 g, $16.19/100g",spices_seasoning,Superstore
Original Seasoning Blend,7.99,"132 g, $6.05/100g",spices_seasoning,Superstore
Grinder Refill Sea Salt Extra Coarse,4.79,"255 g, $1.88/100g",spices_seasoning,Superstore
Tarragon Leaves,6.29,"13 g, $48.38/100g",spices_seasoning,Superstore
"Signature Blends, Roasted Garlic & Pepper",6.79,"144 g, $4.72/100g",spices_seasoning,Superstore
"La Grille, Barbecue Chicken Seasoning",6.00,"203 g, $2.96/100g",spices_seasoning,Superstore
"La Grille, Vegetable Seasoning",6.00,"148 g, $4.05/100g",spices_seasoning,Superstore
Organic Rosemary Leaves,2.79,"14 g, $19.93/100g",spices_seasoning,Superstore
Shichimi Togarashi 7-Spice Japanese Seasoning Blend,4.99,"80 g, $6.24/100g",spices_seasoning,Superstore
"La Grille, Pork Seasoning",6.00,"120 g, $5.00/100g",spices_seasoning,Superstore
Tandoori Chicken BBQ Spice Mix,2.29,"50 g, $4.58/100g",spices_seasoning,Superstore
Lemon & Herb Seasoning,3.99,"100 g, $3.99/100g",spices_seasoning,Superstore
Rose Water,2.49,"300 ml, $0.83/100ml",spices_seasoning,Superstore
Chili Powder,4.99,"54 g, $9.24/100g",spices_seasoning,Superstore
Himalayan Pink Salt Fine ,6.29,"500 g, $1.26/100g",spices_seasoning,Superstore
Chicken & Ribs Seasoning,8.99,"750 g, $1.20/100g",spices_seasoning,Superstore
Ground Mustard,2.49,"100 g, $2.49/100g",spices_seasoning,Superstore
Sindhi Biryani Spice Mix,2.29,"65 g, $3.52/100g",spices_seasoning,Superstore
Rosemary Leaves ,4.99,"14 g, $35.64/100g",spices_seasoning,Superstore
"Rice Seasoning, Nori Komi Furikake",2.99,"50 g, $6.58/100g",spices_seasoning,Superstore
Ground Cumin,5.99,"32 g, $18.72/100g",spices_seasoning,Superstore
Sriracha Seasoning,3.99,"68 g, $5.87/100g",spices_seasoning,Superstore
Ground Nutmeg ,3.79,"100 g, $3.79/100g",spices_seasoning,Superstore
Chicken Tikka BBQ Spice Mix,2.29,"50 g, $4.58/100g",spices_seasoning,Superstore
"Ground Cumin, Pisa Jeera",8.49,"400 g, $2.12/100g",spices_seasoning,Superstore
Summer Savory Leaves,4.99,"17 g, $29.35/100g",spices_seasoning,Superstore
"Cumin Seeds, Jeera",20.49,"1 kg, $2.05/100g",spices_seasoning,Superstore
La Grille All Purpose Seasoning Base,6.49,"172 g, $3.77/100g",spices_seasoning,Superstore
"Sea Salt, Fine Crystal",5.99,"750 g, $0.80/100g",spices_seasoning,Superstore
Organic Basil Leaves,2.79,"10 g, $27.90/100g",spices_seasoning,Superstore
Korma Curry Spice Mix,2.29,"50 g, $4.58/100g",spices_seasoning,Superstore
"Chili Powder, Hot",9.49,"1 kg, $0.95/100g",spices_seasoning,Superstore
Korma Curry Spice Mix,2.29,"50 g, $4.58/100g",spices_seasoning,Superstore
Thai Green Curry Paste,2.49,"50 g, $4.98/100g",spices_seasoning,Superstore
Sea Salt Grinder,8.99,"150 g, $5.99/100g",spices_seasoning,Superstore
Rosemary Leaves ,4.99,"14 g, $35.64/100g",spices_seasoning,Superstore
Poultry Seasoning,3.99,"30 g, $13.30/100g",spices_seasoning,Superstore
Seasoning Black Garlic Blend ,5.99,"62 g, $9.66/100g",spices_seasoning,Superstore
Fennel Seeds,13.99,"750 g, $1.87/100g",spices_seasoning,Superstore
Seasoning Salt,2.50,"225 g, $1.11/100g",spices_seasoning,Superstore
Peppercorn,26.79,"580 g, $4.62/100g",spices_seasoning,Superstore
Himalayan Pink Salt ,3.99,"1 kg, $0.40/100g",spices_seasoning,Superstore
Baingan Bartha Masala,2.29,"100 g, $2.29/100g",spices_seasoning,Superstore
Tandoori Masala,2.29,"100 g, $2.29/100g",spices_seasoning,Superstore
"Rice Flakes, Poha",1.99,"300 g, $0.66/100g",spices_seasoning,Superstore
Amchoor Powder Mango Powder ,1.99,"100 g, $1.99/100g",spices_seasoning,Superstore
"Mustard Seeds, Yellow",1.49,"100 g, $1.49/100g",spices_seasoning,Superstore
Ground Black Pepper,5.49,"39 g, $14.08/100g",spices_seasoning,Superstore
Ground Black Pepper,21.49,"1 kg, $2.15/100g",spices_seasoning,Superstore
Tempura Batter Mix ,1.29,"150 g, $0.86/100g",spices_seasoning,Superstore
Flavour Enhancer,3.99,"128 g, $3.12/100g",spices_seasoning,Superstore
Paprika,10.99,"540 g, $2.04/100g",spices_seasoning,Superstore
Salads'n Dips Seasoning Mix Guacamole,1.19,"20 g, $5.95/100g",spices_seasoning,Superstore
Red Chili Dried,1.99,"120 g, $1.66/100g",spices_seasoning,Superstore
Black Cardamom Seeds,2.99,"50 g, $5.98/100g",spices_seasoning,Superstore
Cilantro Leaves,4.99,"12 g, $41.58/100g",spices_seasoning,Superstore
La Grille All Purpose Seasoning Smoked Paprika & Onion With Garlic & Pepper,6.00,"171 g, $3.51/100g",spices_seasoning,Superstore
Kashmiri Style Red Chilli Powder,9.99,"400 g, $2.50/100g",spices_seasoning,Superstore
"Japanese Style Bread Crumbs, Seasoned",3.79,"227 g, $1.89/100g",spices_seasoning,Superstore
Fish Curry Masala,2.29,"100 g, $2.29/100g",spices_seasoning,Superstore
Recipe & Seasoning Mix Karahi,2.29,"50 g, $4.58/100g",spices_seasoning,Superstore
Ground Cardamom ,2.99,"75 g, $3.99/100g",spices_seasoning,Superstore
Shish Taouk Spices ,2.29,"50 g, $4.58/100g",spices_seasoning,Superstore
Chicken Masala Mix,2.29,"50 g, $4.58/100g",spices_seasoning,Superstore
Chana Masala Spice Mix,2.29,"100 g, $2.29/100g",spices_seasoning,Superstore
Orange Blossom Water,2.49,"300 ml, $0.83/100ml",spices_seasoning,Superstore
Jamaican Jerk Seasoning,5.99,"62 g, $9.66/100g",spices_seasoning,Superstore
Smoky Bourbon Rub Spice Blend,6.49,"90 g, $7.21/100g",spices_seasoning,Superstore
Jerk Seasoning,5.29,"800 g, $0.66/100g",spices_seasoning,Superstore
Spice Mix for Meat Masala,2.29,"100 g, $2.29/100g",spices_seasoning,Superstore
Arabic Seasoning Mix Kabuli Rice,2.29,"50 g, $4.58/100g",spices_seasoning,Superstore
White Pepper Ground ,5.99,"32 g, $18.72/100g",spices_seasoning,Superstore
"Cinnamon Sticks, Dalchini",2.49,"100 g, $2.49/100g",spices_seasoning,Superstore
Special Bombay Biryani Mix,2.29,"60 g, $3.82/100g",spices_seasoning,Superstore
Marinated Ribs Dry Rub,6.99,"180 g, $3.88/100g",spices_seasoning,Superstore
Organic Thyme Leaves,2.79,"20 g, $13.95/100g",spices_seasoning,Superstore
Ground Red Cayenne Pepper,3.99,"41 g, $9.73/100g",spices_seasoning,Superstore
"Seasoning Salt, No MSG",5.49,"454 g, $1.21/100g",spices_seasoning,Superstore
Cowboy Seasoning & Rub,7.29,"159 g, $4.58/100g",spices_seasoning,Superstore
Seasoning Salt,2.79,"454 g, $0.61/100g",spices_seasoning,Superstore
"La Grille, No Salt Added Vegetable Seasoning",6.00,"122 g, $4.92/100g",spices_seasoning,Superstore
Saffron Threads,11.49,"0.5 g, $2,298.00/100g",spices_seasoning,Superstore
Ground Cinnamon,8.99,"125 g, $7.19/100g",spices_seasoning,Superstore
Roasted Garlic Puree,2.79,"125 g, $2.23/100g",spices_seasoning,Superstore
Garlic Powder,4.99,"67 g, $7.45/100g",spices_seasoning,Superstore
Garam Masala Blend,4.99,"45 g, $11.09/100g",spices_seasoning,Superstore
Roasted Garlic Seasoning,3.99,"110 g, $3.63/100g",spices_seasoning,Superstore
Ground White Pepper,2.49,"110 g, $2.26/100g",spices_seasoning,Superstore
Himalayan Pink Rock Salts,7.49,"390 g, $1.92/100g",spices_seasoning,Superstore
Himalayan Pink Salt With Black Pepper And Garlic,6.79,"181 g, $3.75/100g",spices_seasoning,Superstore
Paprika,3.99,"48 g, $8.31/100g",spices_seasoning,Superstore
Chili Powder,8.99,"600 g, $1.50/100g",spices_seasoning,Superstore
Food Seasoning,6.29,"500 g, $1.26/100g",spices_seasoning,Superstore
"La Grille, Maple Bacon Seasoning",6.00,"152 g, $3.95/100g",spices_seasoning,Superstore
Mustard Seed,7.49,"165 g, $4.54/100g",spices_seasoning,Superstore
Tandoori Spice Indian Seasoning Blend,4.99,"90 g, $5.54/100g",spices_seasoning,Superstore
Iodized Himalayan Pink Salt ,7.99,"2 kg, $0.40/100g",spices_seasoning,Superstore
Poultry Seasoning,5.49,"25 g, $21.96/100g",spices_seasoning,Superstore
La Grille All Purpose Seasoning Garlic & Crushed Herbs With Sea Salt & Pepper,6.00,"155 g, $3.87/100g",spices_seasoning,Superstore
"La Grille, Brazillian Style BBQ Seasoning",6.00,"120 g, $5.00/100g",spices_seasoning,Superstore
Tamarind Without Seeds,3.99,"400 g, $1.00/100g",spices_seasoning,Superstore
Dehydrated Chopped Onions,2.49,"80 g, $3.11/100g",spices_seasoning,Superstore
Ground Allspice     ,2.29,"50 g, $4.58/100g",spices_seasoning,Superstore
All Purpose and Natural Seasoning,5.29,"260 g, $2.65/100g",spices_seasoning,Superstore
Chipotle Chili Pepper,5.99,"33 g, $18.15/100g",spices_seasoning,Superstore
Turmeric Ground,5.99,"1 kg, $0.60/100g",spices_seasoning,Superstore
Amritsari Paneer Tikka Mix,1.79,"50 g, $3.58/100g",spices_seasoning,Superstore
"One Step Seasoning, Greek",12.49,"510 g, $2.45/100g",spices_seasoning,Superstore
Masala Meat Curry,2.29,"100 g, $2.29/100g",spices_seasoning,Superstore
Ground Black Pepper,5.49,"48 g, $11.44/100g",spices_seasoning,Superstore
Chives,6.49,"7 g, $92.71/100g",spices_seasoning,Superstore
Anise Seeds,4.99,"50 g, $9.98/100g",spices_seasoning,Superstore
Organic Garlic Pepper Grinder,8.99,"79 g, $11.38/100g",spices_seasoning,Superstore
Jamaican Curry Powder,5.49,"500 g, $1.10/100g",spices_seasoning,Superstore
Bay Leaves,1.49,"25 g, $5.96/100g",spices_seasoning,Superstore
Moroccan Seasoning Mix,1.99,"24 g, $8.29/100g",spices_seasoning,Superstore
Rajmah Masala,2.29,"100 g, $2.29/100g",spices_seasoning,Superstore
Spice Ceylon Cinnamon,2.49,"40 g, $6.23/100g",spices_seasoning,Superstore
Lemon Pepper Seasoning Blend,4.99,"70 g, $7.13/100g",spices_seasoning,Superstore
Rasoi Pav Bhaji Mix,1.79,"60 g, $2.98/100g",spices_seasoning,Superstore
Lebanese Zaatar,7.49,"454 g, $1.65/100g",spices_seasoning,Superstore
Ground Ginger ,3.29,"200 g, $1.65/100g",spices_seasoning,Superstore
Chinese Five Spice,4.99,"41 g, $12.17/100g",spices_seasoning,Superstore
Seto Fumi Furikake Rice Seasoning,2.99,"50 g, $6.58/100g",spices_seasoning,Superstore
Chutney Podina Powder,2.29,"100 g, $2.29/100g",spices_seasoning,Superstore
Ground Coriander Seed ,4.99,"28 g, $17.82/100g",spices_seasoning,Superstore
Ground Ginger ,5.99,"30 g, $19.97/100g",spices_seasoning,Superstore
Whole Wheat Panko Bread Crumbs,4.29,"227 g, $1.89/100g",spices_seasoning,Superstore
Whole Wheat Panko Bread Crumbs,4.29,"227 g, $1.89/100g",spices_seasoning,Superstore
Ground Ginger ,5.99,"30 g, $19.97/100g",spices_seasoning,Superstore
Lemon Pepper Seasoning,5.99,"75 g, $7.99/100g",spices_seasoning,Superstore
Chutney Podina Powder,2.29,"100 g, $2.29/100g",spices_seasoning,Superstore
Whole Nutmeg,6.99,"40 g, $17.48/100g",spices_seasoning,Superstore
Beer Batter Mix,3.29,"284 g, $1.16/100g",spices_seasoning,Superstore
Seasoning Salt,5.49,"1 kg, $0.70/100g",spices_seasoning,Superstore
Himalayan Pink Salt Coarse,6.29,"500 g, $1.26/100g",spices_seasoning,Superstore
"Sage, Ground",5.49,"18 g, $30.50/100g",spices_seasoning,Superstore
Seasoning Blend Original,9.99,"192 g, $5.20/100g",spices_seasoning,Superstore
Ground Coriander Seed ,4.99,"28 g, $17.82/100g",spices_seasoning,Superstore
Black Mustard Seed ,1.79,"200 g, $0.90/100g",spices_seasoning,Superstore
"Blends, Italiano Seasoning",8.99,"510 g, $1.76/100g",spices_seasoning,Superstore
Coating Mix Variety Pack,18.49,"730 g, $2.53/100g",spices_seasoning,Superstore
Special Shahi Haleem Mix,3.99,"375 g, $1.06/100g",spices_seasoning,Superstore
Chicken Grilling Seasoning,9.99,"90 g, $11.10/100g",spices_seasoning,Superstore
Freeze Dried Parsley,5.99,"8 g, $74.88/100g",spices_seasoning,Superstore
Farmer'S Market Chicken & Vegetables Seasoning Mix,1.99,"36 g, $5.53/100g",spices_seasoning,Superstore
Celery Salt,4.49,"81 g, $5.54/100g",spices_seasoning,Superstore
Seasoning Bar-B-Q Rub    ,6.79,"131 g, $5.18/100g",spices_seasoning,Superstore
Oregano Leaves,4.99,"11 g, $45.36/100g",spices_seasoning,Superstore
Fish Seasoning,2.29,"50 g, $4.58/100g",spices_seasoning,Superstore
Chaat Masala Seasoning Mix,2.29,"100 g, $2.29/100g",spices_seasoning,Superstore
Garlic And Herb + Black Pepper And Sea Salt All Purpose Seasoning,6.79,"131 g, $5.18/100g",spices_seasoning,Superstore
Grilling Organic Sweet & Savory Rub Marinade,9.99,"104 g, $9.61/100g",spices_seasoning,Superstore
Ground Cloves,6.99,"43 g, $16.26/100g",spices_seasoning,Superstore
"Blends, Roasted Garlic & Pepper",10.49,"660 g, $1.59/100g",spices_seasoning,Superstore
McCormick Ground Turmeric,6.99,"102 g, $6.85/100g",spices_seasoning,Superstore
Ground Thyme,3.99,"38 g, $10.50/100g",spices_seasoning,Superstore
Chili Powder ,5.99,"40 g, $14.98/100g",spices_seasoning,Superstore
Pumpkin Pie Spice,5.49,"50 g, $10.98/100g",spices_seasoning,Superstore
Smokey Mesquite Seasoning ,7.29,"171 g, $4.26/100g",spices_seasoning,Superstore
"Cinnamon, Ground",5.49,"32 g, $17.16/100g",spices_seasoning,Superstore
Arabic Seasoning Mix Mandhi,2.29,"50 g, $4.58/100g",spices_seasoning,Superstore
Seasoning Chicken Rub    ,6.79,"143 g, $4.75/100g",spices_seasoning,Superstore
"Sea Salt, Coarse",5.99,"750 g, $0.80/100g",spices_seasoning,Superstore
All Purpose Seasoning,5.49,"900 g, $0.61/100g",spices_seasoning,Superstore
"One Step Seasoning, Original, Salt Free",6.79,"125 g, $5.43/100g",spices_seasoning,Superstore
"Black Pepper, Whole",8.99,"135 g, $6.66/100g",spices_seasoning,Superstore
Seafood Rub Seasoning,3.99,"100 g, $3.99/100g",spices_seasoning,Superstore
Organic Cayenne Pepper,2.79,"33 g, $8.45/100g",spices_seasoning,Superstore
Organic Ground Turmeric Bag,2.79,"39 g, $7.15/100g",spices_seasoning,Superstore
"La Grille, Spicy Montreal Steak Spice Seasoning",6.00,"157 g, $3.82/100g",spices_seasoning,Superstore
"La Grille, Chipotle Mango Seasoning",6.00,"160 g, $3.75/100g",spices_seasoning,Superstore
Ground Nutmeg,5.99,"51 g, $11.75/100g",spices_seasoning,Superstore
"Seasoned Coating Mix, Original",5.79,"340 g, $1.91/100g",spices_seasoning,Superstore
Original Seasoning,4.29,"74 g, $5.80/100g",spices_seasoning,Superstore
Ground Cardamom,7.99,"45 g, $17.76/100g",spices_seasoning,Superstore
Sea Salt & Black Peppercorns,4.49,"69 g, $6.51/100g",spices_seasoning,Superstore
Iodized Salt & Pepper,4.99,"155 g, $3.22/100g",spices_seasoning,Superstore
Himalayan Pink Salt  ,2.49,"500 g, $0.50/100g",spices_seasoning,Superstore
Italian Style Seasoning,4.99,"20 g, $24.95/100g",spices_seasoning,Superstore
"La Grille, Montreal Chicken Seasoning",11.79,"675 g, $1.75/100g",spices_seasoning,Superstore
"One Step Seasoning, Salad Herbs",6.79,"111 g, $6.12/100g",spices_seasoning,Superstore
Ground Cumin,9.99,"90 g, $11.10/100g",spices_seasoning,Superstore
Oregano Leaves,4.99,"14 g, $35.64/100g",spices_seasoning,Superstore
Steak Rub Seasoning,3.99,"100 g, $3.99/100g",spices_seasoning,Superstore
"One Step Seasoning, Original, Salt Free",6.79,"125 g, $5.43/100g",spices_seasoning,Superstore
"Black Pepper, Whole",8.99,"135 g, $6.66/100g",spices_seasoning,Superstore
Nutmeg Ground,2.49,"125 g, $1.99/100g",spices_seasoning,Superstore
Organic Oregano Leaves,2.79,"11 g, $25.36/100g",spices_seasoning,Superstore
"Seasoned Coating Mix, Original",5.79,"340 g, $1.91/100g",spices_seasoning,Superstore
Original Seasoning,4.29,"74 g, $5.80/100g",spices_seasoning,Superstore
Ground Cardamom,7.99,"45 g, $17.76/100g",spices_seasoning,Superstore
Mulling Spices,6.99,"100 g, $6.99/100g",spices_seasoning,Superstore
Organic Ground Turmeric Bag,2.79,"39 g, $7.15/100g",spices_seasoning,Superstore
"La Grille, Spicy Montreal Steak Spice Seasoning",6.00,"157 g, $3.82/100g",spices_seasoning,Superstore
"La Grille, Chipotle Mango Seasoning",6.00,"160 g, $3.75/100g",spices_seasoning,Superstore
Ground Nutmeg,5.99,"51 g, $11.75/100g",spices_seasoning,Superstore
Seasoning Blend ,5.49,"212 g, $2.59/100g",spices_seasoning,Superstore
Fennel Seeds,3.99,"44 g, $9.07/100g",spices_seasoning,Superstore
"Black Pepper, Ground",6.99,"115 g, $6.08/100g",spices_seasoning,Superstore
Pepper Medley Grinder,4.49,"24 g, $18.71/100g",spices_seasoning,Superstore
Onion Powder,6.99,"116 g, $6.03/100g",spices_seasoning,Superstore
Smoked Paprika Spice ,6.49,"80 g, $8.11/100g",spices_seasoning,Superstore
"One Step Seasoning, Tex Mex",6.79,"136 g, $4.99/100g",spices_seasoning,Superstore
"Signature Blends, Garlic Plus",6.79,"141 g, $4.82/100g",spices_seasoning,Superstore
"La Grille, Salt Free Chicken Seasoning",6.00,"131 g, $4.58/100g",spices_seasoning,Superstore
Pulp Free Orange Juice,5.99,"2.5 l, $0.24/100ml",juice,Superstore
Pulp Free Orange Juice,3.99,"1.54 l, $0.26/100ml",juice,Superstore
Orange Juice with Pulp,5.99,"2.5 l, $0.24/100ml",juice,Superstore
Pure Premium Orange Juice (Pulp Free),6.59,"2.63 l, $0.28/100ml",juice,Superstore
Original Lemonade,3.00,"1.89 l, $0.16/100ml",juice,Superstore
"Pulp Free Orange Juice, Bottle",2.97,"1.54 l, $0.36/100ml",juice,Superstore
Pomegranate Lemonade,3.00,"1.89 l, $0.16/100ml",juice,Superstore
Mango Nectar,2.49,"960 ml, $0.26/100ml",juice,Superstore
Orange Juice No Pulp ,5.79,"1.54 l, $0.38/100ml",juice,Superstore
 Original Lemonade,3.49,"1.54 l, $0.29/100ml",juice,Superstore
Strawberry Lemonade,3.00,"1.89 l, $0.16/100ml",juice,Superstore
Single Strength Lemon Juice,1.25,"125 ml, $1.00/100ml",juice,Superstore
Blue Menu Pulp Free Orange Juice,5.99,"2.5 l, $0.24/100ml",juice,Superstore
Peach Lemonade,3.00,"1.89 l, $0.16/100ml",juice,Superstore
Strawberry Passion Awareness Fruit Beverage,2.50,"1.75 l, $0.17/100ml",juice,Superstore
Pure Apple Juice Low Acid,1.69,"1 l, $0.17/100ml",juice,Superstore
Orange Pure Breakfast Juice,2.49,"960 ml, $0.26/100ml",juice,Superstore
Strawberry Lemonade,3.49,"1.54 l, $0.29/100ml",juice,Superstore
"Clamato, Original",3.99,"1.89 l, $0.24/100ml",juice,Superstore
Apple Juice,2.49,"960 ml, $0.26/100ml",juice,Superstore
Single Strength Lemon Juice,3.49,"945 ml, $0.37/100ml",juice,Superstore
100% Pineapple Juice,1.99,"1 l, $0.20/100ml",juice,Superstore
Mango Lemonade,3.00,"1.89 l, $0.16/100ml",juice,Superstore
Tropical Passion Fruit Juice,2.49,"960 ml, $0.26/100ml",juice,Superstore
100% Apple Juice,3.49,"1.89 l, $0.18/100ml",juice,Superstore
"Lemon Tea, Gable Top Carton",2.50,"1.75 l, $0.17/100ml",juice,Superstore
Pineapple Nectar,2.49,"960 ml, $0.26/100ml",juice,Superstore
Orange Juice Pulp Free,6.59,"2.63 l, $0.28/100ml",juice,Superstore
Pineapple Juice,2.49,"960 ml, $0.26/100ml",juice,Superstore
Blueberry Watermelon Wisdom Fruit Beverage,2.50,"1.75 l, $0.17/100ml",juice,Superstore
100% Orange Juice,1.99,"1 l, $0.20/100ml",juice,Superstore
Lemon Juice,2.79,"946 ml, $0.29/100ml",juice,Superstore
100% Apple Juice,1.99,"1 l, $0.20/100ml",juice,Superstore
"100% Apple Juice From Concentrate, 8 Pack",3.99,"8x200.0 ml, $0.25/100ml",juice,Superstore
Orange Juice with Pulp,3.99,"1.54 l, $0.26/100ml",juice,Superstore
"with Pulp Orange Juice, Bottle",2.97,"1.54 l, $0.36/100ml",juice,Superstore
Calamansi Lemonade,3.49,"1.54 l, $0.29/100ml",juice,Superstore
Mango Raspberry Lemonade,3.49,"1.54 l, $0.29/100ml",juice,Superstore
Realime Single Strength Lime Juice,1.25,"125 ml, $1.00/100ml",juice,Superstore
Apple Juice from Concentrate,1.49,"1 l, $0.15/100ml",juice,Superstore
Pure Premium Homestyle (Some Pulp),6.59,"2.63 l, $0.28/100ml",juice,Superstore
"Lemonade, Bottle",2.97,"1.54 l, $0.34/100ml",juice,Superstore
100% Mango Juice ,1.99,"1 l, $0.20/100ml",juice,Superstore
"Lemonade With Raspberry, Bottle",2.97,"1.54 l, $0.34/100ml",juice,Superstore
Cranberry Cocktail,4.49,"1.89 l, $0.24/100ml",juice,Superstore
Exotic Mango Fruit Juice,2.49,"960 ml, $0.26/100ml",juice,Superstore
"Cold Brew Coffee, Black, Unsweetened, No Cream",7.99,"1.42 l, $0.56/100ml",juice,Superstore
Hydrafruit Fruit Fusion Fruit Juice,2.49,"960 ml, $0.26/100ml",juice,Superstore
Guava Nectar,2.49,"960 ml, $0.26/100ml",juice,Superstore
Lemonade,4.29,"1.54 l, $0.28/100ml",juice,Superstore
"Rasberry Tea, Carafe",2.97,"1.75 l, $0.30/100ml",juice,Superstore
8-Vegetable Cocktail,3.79,"1.89 l, $0.20/100ml",juice,Superstore
Apple Orange Peach Juice Boxes,1.97,"5x200.0 ml, $0.27/100ml",juice,Superstore
Tomato Juice,2.49,"540 ml, $0.46/100ml",juice,Superstore
Green Goodness,9.99,"1.54 l, $0.65/100ml",juice,Superstore
Tropical Refreshing Beverage,4.49,"1.89 l, $0.24/100ml",juice,Superstore
"No Sugar Fruit Punch Juice Beverage, 8 Pack",3.99,"8x200.0 ml, $0.25/100ml",juice,Superstore
"Zero Sugar Tea, Bottle",3.29,"1.89 l, $0.17/100ml",juice,Superstore
Smoothie Berry,4.29,"1.6 l, $0.27/100ml",juice,Superstore
"100% Juice Blend, Cranberry Pomegranate Cherry",4.99,"1.77 l, $0.28/100ml",juice,Superstore
Coconut Juice,1.99,"520 ml, $0.38/100ml",juice,Superstore
100% Cranberry Juice Blend,4.29,"1.89 l, $0.23/100ml",juice,Superstore
Hydrafruit Watermelon Apple Fruit Juice Boxes,3.99,"8x200.0 ml, $0.25/100ml",juice,Superstore
Lemonade,1.99,"355 ml, $0.56/100ml",juice,Superstore
Blue Goodness,6.99,"946 ml, $0.74/100ml",juice,Superstore
Grape Cranberry Cocktail,3.79,"1.89 l, $0.20/100ml",juice,Superstore
Prune Nectar Unsweetened,5.79,"1.36 l, $0.43/100ml",juice,Superstore
Fruit Punch Drink,2.69,"2 l, $0.13/100ml",juice,Superstore
Ice Black Tea Drink Lemon Flavour,1.29,"500 ml, $0.26/100ml",juice,Superstore
"100% Juice Blends 100% Juice, Cranberry & Mango",4.99,"1.77 l, $0.28/100ml",juice,Superstore
Greatly Grape Juice Boxes,1.97,"5x200.0 ml, $0.27/100ml",juice,Superstore
"Fruit Punch Juice Beverage, 10 Pack",3.99,"10x200.0 ml, $0.20/100ml",juice,Superstore
Banana Strawberry Juice Boxes ,4.99,"10x200.0 ml, $0.25/100ml",juice,Superstore
Mango Juice Nectar,1.29,"250 ml, $0.52/100ml",juice,Superstore
Grape Juice Boxes,1.97,"5x200.0 ml, $0.27/100ml",juice,Superstore
Clamato Chunky Pub Style Rimmer,4.99,"190 g, $2.63/100g",juice,Superstore
Vegetable Cocktail,4.29,"6x156.0 ml, $0.46/100ml",juice,Superstore
Unsweetened Pineapple Juice,3.29,"1.36 l, $0.24/100ml",juice,Superstore
Beverage ,5.99,"800 ml, $0.75/100ml",juice,Superstore
Premium Brewed Ginseng and Honey Green Tea,3.99,"8x200.0 ml, $0.25/100ml",juice,Superstore
100% Juice Pineapple Mango,4.79,"4x240.0 ml, $0.12/100ml",juice,Superstore
Jasmine Tea Drink,1.29,"500 ml, $0.26/100ml",juice,Superstore
Ruby Red Grapefruit Cocktail,3.79,"1.89 l, $0.20/100ml",juice,Superstore
100% Juice Pineapple Orange,4.79,"4x240.0 ml, $0.12/100ml",juice,Superstore
"100% Juice Blend, Cranberry Concord Grape",7.29,"3 l, $0.24/100ml",juice,Superstore
Vegetable Cocktail Spicy,4.29,"936 ml, $0.46/100ml",juice,Superstore
Original Tomato Clam Cocktail,3.79,"1.89 l, $0.20/100ml",juice,Superstore
Calamansi  Philippine Lemon Drink,2.00,"500 ml, $0.40/100ml",juice,Superstore
Cranberry Cocktail,5.29,"3.78 l, $0.14/100ml",juice,Superstore
Single Strength Lime Juice,2.99,"440 ml, $0.68/100ml",juice,Superstore
Coco Coconut Water,2.99,"1 l, $0.40/100ml",juice,Superstore
Philippine Lemon Juice Calamansi,1.99,"520 ml, $0.38/100ml",juice,Superstore
Half & Half Lemonade With Iced Tea,3.00,"1.89 l, $0.16/100ml",juice,Superstore
"Jammers, Strawberry Kiwi",3.49,"10x180.0 ml, $0.19/100ml",juice,Superstore
Caesar Mix Original - Lightly Spiced,5.99,"1.32 l, $0.45/100ml",juice,Superstore
Red Grapefruit,5.29,"1.54 l, $0.34/100ml",juice,Superstore
Hydrafruit Tropical Fruits Beverage,2.49,"960 ml, $0.26/100ml",juice,Superstore
Cucumber Mint Flavour Green Tea,3.49,"1.54 l, $0.26/100ml",juice,Superstore
Blackberry Blueberry Fruit Drink   ,4.49,"1.54 l, $0.29/100ml",juice,Superstore
"Clamato, Lime",3.99,"1.89 l, $0.24/100ml",juice,Superstore
Fruit Juice Cocktail With Natural Flavour And Vitamin C Peach-Mango,6.29,"2.5 l, $0.25/100ml",juice,Superstore
"Peach Juice, Bottle",2.97,"1.54 l, $0.34/100ml",juice,Superstore
Iced Tea Lemon,4.29,"1.54 l, $0.28/100ml",juice,Superstore
Blonde Roast Iced Coffee,7.59,"1.42 l, $0.60/100ml",juice,Superstore
Hydrafruit Watermelon Apple Fruit Juice,2.49,"960 ml, $0.26/100ml",juice,Superstore
"Fruit Punch, No Sugar Added",4.29,"1.54 l, $0.28/100ml",juice,Superstore
Guava Real Fruit Beverage,3.49,"1.75 l, $0.20/100ml",juice,Superstore
Coconut Water with Pulp,2.19,"500 ml, $0.44/100ml",juice,Superstore
Low Calorie Cranberry Raspberry Cocktail,4.49,"1.89 l, $0.24/100ml",juice,Superstore
"Fruit Punch Juice Beverage, Carton",2.50,"1.75 l, $0.17/100ml",juice,Superstore
"Iced Tea, Lemon",7.29,"2.63 l, $0.28/100ml",juice,Superstore
Hydrafruit Peach Juice Boxes,3.99,"200 ml, $2.00/100ml",juice,Superstore
Mango Passion,4.29,"1.54 l, $0.28/100ml",juice,Superstore
Cranberry Cocktail,3.79,"1.89 l, $0.21/100ml",juice,Superstore
"Clamato, Extra Spicy",3.99,"1.89 l, $0.24/100ml",juice,Superstore
Diet Cranberry Juice,4.49,"1.89 l, $0.24/100ml",juice,Superstore
Cranberry Raspberry Cocktail,4.49,"1.89 l, $0.24/100ml",juice,Superstore
Peach Lychee Refreshing Beverage,4.49,"1.89 l, $0.24/100ml",juice,Superstore
100% Apple Juice ,16.49,"40x200.0 ml, $0.21/100ml",juice,Superstore
Raspberry Iced Tea,4.49,"1.75 l, $0.26/100ml",juice,Superstore
Concord Grape 100% Juice Blend,1.99,"1 l, $0.20/100ml",juice,Superstore
"Clamato, The Works",3.99,"1.89 l, $0.24/100ml",juice,Superstore
Health Break Berry Pomegranate Antioxidant Juice,4.29,"1.6 l, $0.27/100ml",juice,Superstore
"Jammers, Orange",3.49,"10x180.0 ml, $0.19/100ml",juice,Superstore
Black Sugar Milk Tea,2.99,"390 ml, $0.84/100ml",juice,Superstore
Cranberry Raspberry Cocktail,3.79,"1.89 l, $0.21/100ml",juice,Superstore
"Mixed Berry Juice Beverage, 8 Pack",3.99,"8x200.0 ml, $0.25/100ml",juice,Superstore
"Real Fruit Beverage Peach Mango, 8",3.99,"8x200.0 ml, $0.25/100ml",juice,Superstore
Pear Juice With Rock Sugar Drink,1.29,"500 ml, $0.26/100ml",juice,Superstore
Mango Pineapple Fruit Juice Beverage Boxes,4.99,"10x200.0 ml, $2.50/100ml",juice,Superstore
Jammers,3.49,"10x180.0 ml, $0.19/100ml",juice,Superstore
Drink Chocolate Flavoured,3.99,"3x250.0 ml, $0.60/100ml",juice,Superstore
Mr & Mrs T Pina Colada Mix,3.99,"1 l, $0.40/100ml",juice,Superstore
"Garden Cocktail, Low Sodium",4.69,"1.89 l, $0.25/100ml",juice,Superstore
"V-Go Vegetable Cocktail, Low Sodium",4.49,"1.89 l, $0.24/100ml",juice,Superstore
Calamansi Juice,1.49,"240 ml, $0.62/100ml",juice,Superstore
Diet Cranberry & Pomegranate Cocktail,4.49,"1.89 l, $0.24/100ml",juice,Superstore
Apple Juice from Concentrate ,3.29,"2 l, $0.16/100ml",juice,Superstore
Blueberry Burst,3.79,"1.36 l, $0.28/100ml",juice,Superstore
Mango Juice Boxes ,4.99,"10x200.0 ml, $0.25/100ml",juice,Superstore
"Clamato, Original",5.29,"2.54 l, $0.21/100ml",juice,Superstore
Clamato Rimmer,4.99,"200 g, $2.50/100g",juice,Superstore
Juice Drink Dragon Fruit,2.99,"1 l, $0.30/100ml",juice,Superstore
100% Pure Coconut Water,1.49,"310 ml, $0.48/100ml",juice,Superstore
Diet Cranberry & Pomegranate Cocktail,4.49,"1.89 l, $0.24/100ml",juice,Superstore
Juice Drink Dragon Fruit,2.99,"1 l, $0.30/100ml",juice,Superstore
Tomato Juice,3.19,"1.36 l, $0.23/100ml",juice,Superstore
Smooth,3.79,"1.89 l, $0.20/100ml",juice,Superstore
"100% Juice Blends 100% Juice, Cranberry and Pomegranate",4.99,"1.77 l, $0.28/100ml",juice,Superstore
Cocktail Cranberry Pink,4.49,"1.89 l, $0.24/100ml",juice,Superstore
"Nutri Bone Support 100% Orange Juice, Carton",4.99,"1.75 l, $0.29/100ml",juice,Superstore
100% Natural Iced Tea with Lemon,3.99,"8x200.0 ml, $0.25/100ml",juice,Superstore
Cranberry Diet Beverage,3.79,"1.89 l, $0.21/100ml",juice,Superstore
Guava Juice Nectar,1.29,"250 ml, $0.52/100ml",juice,Superstore
Cran-Pineapple Diet Low Calorie Beverage,4.49,"1.89 l, $0.24/100ml",juice,Superstore
"Peach Mango Juice Beverage, Carton",1.99,"1 l, $0.20/100ml",juice,Superstore
Strawberry Watermelon Fruit Juice Beverage Boxes,4.99,"10x200.0 ml, $2.50/100ml",juice,Superstore
100% Pineapple Juice,1.99,"520 ml, $0.38/100ml",juice,Superstore
Grape Drink Boxes,3.29,"10x200.0 ml, $0.16/100ml",juice,Superstore
Apple Grape Juice Boxes ,4.99,"10x200.0 ml, $0.25/100ml",juice,Superstore
Pure Premium Original (No Pulp),1.99,"355 ml, $0.56/100ml",juice,Superstore
Jammers Cherry,3.49,"10x180.0 ml, $0.19/100ml",juice,Superstore
"Pulp Free Orange Juice, Calcium & Vitamin D Added",7.49,"2.63 l, $0.28/100ml",juice,Superstore
Amazing Mango,6.99,"946 ml, $0.74/100ml",juice,Superstore
Hydrafruit Fruit Fusion Fruit Juice Boxes,3.99,"8x200.0 ml, $0.25/100ml",juice,Superstore
Tropical Mango Juice,3.79,"1.36 l, $0.28/100ml",juice,Superstore
Pure Apple Juice,9.49,"3.78 l, $0.25/100ml",juice,Superstore
Berry Boost,6.99,"946 ml, $0.74/100ml",juice,Superstore
Strawberry & Guava Nectar,2.99,"1 l, $0.30/100ml",juice,Superstore
Cranberry Cocktail,5.79,"6x295.0 ml, $0.33/100ml",juice,Superstore
Wildly Berry Juice Boxes,1.97,"5x200.0 ml, $0.27/100ml",juice,Superstore
Mango Nectar,2.99,"1 l, $0.30/100ml",juice,Superstore
Peach Cocktail,1.69,"1 l, $0.17/100ml",juice,Superstore
"100% Orange Juice From Concentrate, 8 Pack",3.99,"8x200.0 ml, $0.25/100ml",juice,Superstore
Raspberry Orange Juice Boxes ,4.99,"10x200.0 ml, $0.25/100ml",juice,Superstore
Clamato Tomato Clam Cocktail Original,6.99,"213 ml, $3.28/100ml",juice,Superstore
"Juice Drink, Diet Cranberry",5.79,"6x295.0 ml, $0.33/100ml",juice,Superstore
Pure Premium Homestyle (Some Pulp),1.99,"355 ml, $0.56/100ml",juice,Superstore
Orange Juice,2.39,"900 ml, $0.27/100ml",juice,Superstore
Extra Pulp Orange Juice,3.99,"1.54 l, $0.26/100ml",juice,Superstore
 Wildberry Juice,2.39,"900 ml, $0.27/100ml",juice,Superstore
"Low Acid 100% Orange Juice From Concentrate, Carton",4.99,"1.75 l, $0.29/100ml",juice,Superstore
"Iced Coffee, Caramel Macchiato Flavoured With Real Milk And Cream, 5 Servings",4.97,"1.89 l, $0.39/100ml",juice,Superstore
Smoothie Tropical Mango,4.29,"1.6 l, $0.27/100ml",juice,Superstore
"Brewed Iced Tea Less Sugar, Lemon",4.49,"1.75 l, $0.26/100ml",juice,Superstore
Pear Nectar,2.49,"960 ml, $0.26/100ml",juice,Superstore
100% Pure Coconut Water,4.69,"1 l, $0.47/100ml",juice,Superstore
Pineapple Mango With Lime Beverage  ,4.49,"1.54 l, $0.29/100ml",juice,Superstore
"Berry Citrus Juice, 8 Pack",3.99,"8x200.0 ml, $0.25/100ml",juice,Superstore
"Passionate Peach Juice, 8 Pack",3.99,"8x200.0 ml, $0.25/100ml",juice,Superstore
Pineapple-Orange Juice Blend,6.29,"2.5 l, $0.25/100ml",juice,Superstore
Raspberry Kiwi Karma Fruit Beverage,2.50,"1.75 l, $0.17/100ml",juice,Superstore
Exotic Mango Fruit Juice,3.99,"8x200.0 ml, $0.25/100ml",juice,Superstore
Fresh-Pressed Sweet Apple Cider,7.99,"3 l, $0.27/100ml",juice,Superstore
Pineapple-Orange Juice Blend,6.29,"2.5 l, $0.25/100ml",juice,Superstore
Raspberry Kiwi Karma Fruit Beverage,2.50,"1.75 l, $0.17/100ml",juice,Superstore
Fruit Juice Drink Guyabano,2.00,"500 ml, $0.40/100ml",juice,Superstore
Green Tea Drink Honey Jasmine Flavour,5.49,"2 l, $0.32/100ml",juice,Superstore
Jammers,3.49,"10x180.0 ml, $0.19/100ml",juice,Superstore
Prune Nectar,6.49,"1.36 l, $0.48/100ml",juice,Superstore
T Margarita Mix,3.99,"1 l, $0.40/100ml",juice,Superstore
Apple Juice Beverage,3.29,"2 l, $0.16/100ml",juice,Superstore
Cranberry Pineapple Cocktail,4.49,"1.89 l, $0.24/100ml",juice,Superstore
Apple Juice,2.99,"1.75 l, $0.20/100ml",juice,Superstore
Mango Nectar,1.49,"240 ml, $0.62/100ml",juice,Superstore
Daily Greens,6.99,"946 ml, $0.74/100ml",juice,Superstore
Green Tea Drink Honey Jasmine Flavour,1.29,"500 ml, $0.26/100ml",juice,Superstore
Gold Peak Iced Tea (Natural Lemon Flavour),2.97,"1.75 l, $0.30/100ml",juice,Superstore
Pink Lemonade,2.99,"1.75 l, $0.17/100ml",juice,Superstore
Cranberry Lemonade Cocktail,4.49,"1.89 l, $0.24/100ml",juice,Superstore
Diet Cranberry Mango Cocktail,4.49,"1.89 l, $0.24/100ml",juice,Superstore
Peach Drink,2.69,"2 l, $0.13/100ml",juice,Superstore
Protein Shake Chocolate Organic,7.99,"300 ml, $2.66/100ml",juice,Superstore
Tropics Paradise Blend,4.22,"1.75 l, $0.25/100ml",juice,Superstore
Unsweetened Orange Juice from Concentrate,2.29,"1 l, $0.23/100ml",juice,Superstore
100% Natural Organic Coconut Water,3.49,"330 ml, $1.06/100ml",juice,Superstore
"Cocktail, Cranberry Black Cherry",3.79,"1.89 l, $0.20/100ml",juice,Superstore
Guava Nectar,2.99,"1 l, $0.30/100ml",juice,Superstore
Watermelon Drink,1.99,"1 l, $0.20/100ml",juice,Superstore
"Juice, Mango",2.00,"500 ml, $0.40/100ml",juice,Superstore
Clamato Extra Spicy Rimmer,4.99,"190 g, $2.63/100g",juice,Superstore
"100% Juice Blend, Cranberry",7.29,"3 l, $0.24/100ml",juice,Superstore
"Lemonade, Bottle",3.29,"1.89 l, $0.17/100ml",juice,Superstore
Diet Cranberry Cocktail,6.99,"3 l, $0.23/100ml",juice,Superstore
100% Carrot,6.99,"946 ml, $0.74/100ml",juice,Superstore
Pink Grapefruit,3.79,"1.36 l, $0.28/100ml",juice,Superstore
Sparkling Raspberry Grape Juice,4.99,"750 ml, $0.67/100ml",juice,Superstore
Classic 100% Apple Juice,1.69,"300 ml, $0.56/100ml",juice,Superstore
"100% Juice Blend, White Cranberry",4.99,"1.77 l, $0.28/100ml",juice,Superstore
Green Tea,6.49,"3.78 l, $0.17/100ml",juice,Superstore
Strawberry Banana Juice Boxes,3.99,"8x200.0 ml, $0.25/100ml",juice,Superstore
"Cranberry Cocktail, Light",4.49,"1.89 l, $0.24/100ml",juice,Superstore
Assorted Flavours Juice Box Variety Pack,16.49,"40x200.0 ml, $0.21/100ml",juice,Superstore
Lychee Juice Drink with Nata de Coco ,8.99,"6x320.0 ml, $0.47/100ml",juice,Superstore
Grape Drink,1.99,"2 l, $0.10/100ml",juice,Superstore
Cranberry Cocktail,7.29,"3.78 l, $0.19/100ml",juice,Superstore
Sno-Berry,7.49,"12x341.0 ml, $0.18/100ml",juice,Superstore
Grape Drink,4.29,"1.54 l, $0.28/100ml",juice,Superstore
Pure Pressed Pineapple Juice,5.59,"1.75 l, $0.36/100ml",juice,Superstore
Dark Roast Black Cold Brew Coffee,5.49,"900 ml, $0.61/100ml",juice,Superstore
Strawberry Kiwi Juice,2.39,"900 ml, $0.27/100ml",juice,Superstore
Apple Orange Peach Juice,2.39,"900 ml, $0.27/100ml",juice,Superstore
Concord Grape Juice,2.39,"900 ml, $0.27/100ml",juice,Superstore
Peach Pear Juice,2.39,"900 ml, $0.27/100ml",juice,Superstore
"Iced Coffee, Mocha Flavoured, With Real Milk And Cream, 5 Servings",4.97,"1.89 l, $0.39/100ml",juice,Superstore
Beverage With Vitamin C Orange,4.29,"1.54 l, $0.28/100ml",juice,Superstore
Pure Premium Grovestand (Lots Of Pulp),6.59,"2.63 l, $0.28/100ml",juice,Superstore
Real Fruit Beverage With Pineapple,5.49,"1.54 l, $0.36/100ml",juice,Superstore
Tropics Orange Strawberry,4.22,"1.75 l, $0.25/100ml",juice,Superstore
Lemon Flavour Iced Tea,3.49,"1.54 l, $0.26/100ml",juice,Superstore
Guava-Mango Fruit Juice Cocktail Blend,6.29,"2.5 l, $0.25/100ml",juice,Superstore
100% Juice Morning Sunshine Orange With Pulp,6.29,"2.5 l, $0.25/100ml",juice,Superstore
Passionate Peach Citrus Juice,3.99,"1.75 l, $0.23/100ml",juice,Superstore
Pure Premium Apple Juice,5.29,"1.75 l, $0.30/100ml",juice,Superstore
Flavoured Real Fruit Beverage From Concentrate Pineapple Zero Sugar,4.29,"1.54 l, $0.28/100ml",juice,Superstore
Hydrafruit Peach Beverage,2.49,"960 ml, $0.26/100ml",juice,Superstore
Smoothie Strawberry Banana,4.29,"1.6 l, $0.27/100ml",juice,Superstore
100% Juice Blend Variety Pack,16.49,"40x200.0 ml, $0.21/100ml",juice,Superstore
Lemonade,7.29,"2.63 l, $0.28/100ml",juice,Superstore
Cranberry Cocktail,1.69,"1 l, $0.17/100ml",juice,Superstore
Ginger Carrot Turmeric,9.99,"1540 ml, $0.65/100ml",juice,Superstore
"Grape Punch Juice Beverage, 10 Pack",3.99,"10x200.0 ml, $0.20/100ml",juice,Superstore
Cold Brew Nitro Black Coffee,2.99,"355 ml, $0.93/100ml",juice,Superstore
Real Fruit Beverage Pomegranate,3.49,"1.75 l, $0.20/100ml",juice,Superstore
Fruit Integration,1.99,"1 l, $0.20/100ml",juice,Superstore
Lemonade,2.99,"1.75 l, $0.17/100ml",juice,Superstore
Orange Juice Boxes,1.97,"5x200.0 ml, $0.27/100ml",juice,Superstore
"Strawberry Banana Juice, Fruit Plus Veggie ",3.79,"1.36 l, $0.28/100ml",juice,Superstore
Tangy,3.79,"1.89 l, $0.20/100ml",juice,Superstore
"100% Apple Juice From Concentrate, Carton",1.99,"1 l, $0.20/100ml",juice,Superstore
Low Calorie Cranberry Beverage Pink Lite,4.49,"1.89 l, $0.24/100ml",juice,Superstore
Lime Juice,1.99,"445 ml, $0.45/100ml",juice,Superstore
Matt & Steve's Caesar Rimmer,4.99,"150 g, $3.33/100g",juice,Superstore
Juice Drink Aam Panna Green Mango,2.99,"1 l, $0.30/100ml",juice,Superstore
Razzleberry,2.50,"1.75 l, $0.17/100ml",juice,Superstore
Iced Tea Blackberry,2.50,"547 ml, $0.44/100ml",juice,Superstore
Hydrafruit Strawberry Kiwi Fruit Juice Boxes,3.99,"8x200.0 ml, $0.25/100ml",juice,Superstore
100% Juice Orange,1.89,"300 ml, $0.63/100g",juice,Superstore
V-Go Vegetable Cocktail,4.49,"1.89 l, $0.24/100ml",juice,Superstore
100% Orange Mango Juice,1.99,"1 l, $0.20/100ml",juice,Superstore
Caesar Squeezer Caesar Seasoning Sauce Main Squeeze,8.99,"250 ml, $3.60/100ml",juice,Superstore
Wildberry Juice Boxes,1.97,"5x200.0 ml, $0.27/100ml",juice,Superstore
Tomato Juice,3.29,"1.36 l, $0.24/100ml",juice,Superstore
100% Pure Coconut Water,2.19,"500 ml, $0.44/100ml",juice,Superstore
"Juice Drink, Diet Cranberry Cherry",4.49,"1.89 l, $0.24/100ml",juice,Superstore
Fruit Plus Veggies Orange Mango Juice Boxes,1.97,"5x200.0 ml, $0.27/100ml",juice,Superstore
"Smooth, Club Pack",5.49,"3.78 l, $0.15/100ml",juice,Superstore
100% Pure Pineapple Juice,1.29,"250 ml, $0.52/100ml",juice,Superstore
100% Juice Orange,1.89,"300 ml, $0.63/100g",juice,Superstore
Cranberry Raspberry Cocktail,6.99,"3 l, $0.23/100ml",juice,Superstore
"Tangy Original, Club Pack",5.49,"3.78 l, $0.15/100ml",juice,Superstore
Peach Drink,1.99,"2 l, $0.10/100ml",juice,Superstore
Berry Juice,3.99,"8x200.0 ml, $0.25/100ml",juice,Superstore
Pure Apple Juice Boxes,1.97,"5x200.0 ml, $0.27/100ml",juice,Superstore
100% Orange Juice,6.99,"946 ml, $0.74/100ml",juice,Superstore
Strawberry Banana Juice Boxes,1.97,"5x200.0 ml, $0.27/100ml",juice,Superstore
Iced Tea,2.29,"1.75 l, $0.13/100ml",juice,Superstore
V-GO Vegetable Cocktail,4.29,"6x156.0 ml, $0.46/100ml",juice,Superstore
"Smooth, Club Pack",5.49,"3.78 l, $0.15/100ml",juice,Superstore
Pineapple Juice,1.49,"240 ml, $0.62/100ml",juice,Superstore
Mango Juice Drink with Nata de Coco ,8.99,"6x320.0 ml, $0.47/100ml",juice,Superstore
Ruby Red Grapefruit Cocktail,6.99,"3 l, $0.23/100ml",juice,Superstore
100% Carrot,9.99,"1.54 l, $0.65/100ml",juice,Superstore
"Clamato, Extra Spicy",5.29,"2.54 l, $0.21/100ml",juice,Superstore
Coconut Flavor Drink with Nata de Coco ,8.99,"6x320.0 ml, $0.47/100ml",juice,Superstore
Lemonade      ,4.22,"1.54 l, $0.28/100ml",juice,Superstore
Cran Tropical Cocktail,4.49,"1.89 l, $0.24/100ml",juice,Superstore
C-Boost,6.99,"946 ml, $0.74/100ml",juice,Superstore
"100% Juice Blends 100% Juice, Cranberry and Raspberry",4.99,"1.77 l, $0.28/100ml",juice,Superstore
Strawberry Passion Awareness,1.99,"1 l, $0.20/100ml",juice,Superstore
Peach Nectar,2.49,"960 ml, $0.26/100ml",juice,Superstore
Mango Juice,2.39,"900 ml, $0.27/100ml",juice,Superstore
Orange Juice Some Pulp,5.79,"1.54 l, $0.38/100ml",juice,Superstore
Rio Red Grapefruit Juice,2.39,"900 ml, $0.27/100ml",juice,Superstore
Smoothie Green Activ,4.29,"1.6 l, $0.27/100ml",juice,Superstore
Ruby Red Grapefruit Juice,4.99,"1.54 l, $0.32/100ml",juice,Superstore
Fruit Punch Juice Boxes,3.29,"10x200.0 ml, $0.16/100ml",juice,Superstore
"Apple Juice, Bottle",2.97,"1.54 l, $0.36/100ml",juice,Superstore
Tropics Orange Peach Mang,4.22,"1.75 l, $0.25/100ml",juice,Superstore
Berry Flavour Hibiscus Herbal Tea,3.49,"1.54 l, $0.26/100ml",juice,Superstore
Orange Juice with Pulp,6.59,"2.63 l, $0.28/100ml",juice,Superstore
Lemonade,4.29,"1.54 l, $0.28/100ml",juice,Superstore
100% Natural Raspberry Iced Tea,2.49,"960 ml, $0.26/100ml",juice,Superstore
Jalapeno Lemonade,3.49,"1.54 l, $0.29/100ml",juice,Superstore
Real Fruit Beverage From Concentrate Lemonade Zero Sugar,7.49,"2.63 l, $0.28/100ml",juice,Superstore
Orange Juice Lots of Pulp,5.79,"1.54 l, $0.38/100ml",juice,Superstore
Pineapple Breeze Juice,2.39,"900 ml, $0.27/100ml",juice,Superstore
"Juice Carton, Citrus Flavour",3.99,"1.75 l, $0.23/100ml",juice,Superstore
"Trop50 Orange Juice, No Pulp",5.79,"1.54 l, $0.38/100ml",juice,Superstore
Ambrosia Pure Apple Juice,2.39,"900 ml, $0.27/100ml",juice,Superstore
Medium Roast Black Cold Brew Coffee,5.49,"900 ml, $0.61/100ml",juice,Superstore
Pink Lemonade,4.29,"1.54 l, $0.28/100ml",juice,Superstore
"Berry Punch Juice Beverage, 10 Pack",3.99,"10x200.0 ml, $0.20/100ml",juice,Superstore
"No Sugar Watermelon Blueberry Juice Beverage, 8 Pack",3.99,"8x200.0 ml, $0.25/100ml",juice,Superstore
"Fruit Punch Juice Beverage, Carton",1.99,"1 l, $0.20/100ml",juice,Superstore
Watermelon Beverage     ,4.49,"1.54 l, $0.29/100ml",juice,Superstore
Fruit Punch Juice Boxes,3.29,"10x200.0 ml, $0.16/100ml",juice,Superstore
Cranberry Cocktail,3.79,"1.89 l, $0.20/100ml",juice,Superstore
Apple Juice Boxes,3.29,"10x200.0 ml, $0.16/100ml",juice,Superstore
Lemon Iced Tea,4.49,"1.75 l, $0.26/100ml",juice,Superstore
Fruit Medley Juice Boxes,1.97,"5x200.0 ml, $0.27/100ml",juice,Superstore
Ruby Red Grapefruit Cocktail,3.79,"2 l, $0.20/100ml",juice,Superstore
Iced Tea Drink Boxes,3.29,"10x200.0 ml, $0.16/100ml",juice,Superstore
Hydrafruit Clementine Fruit Juice Boxes,3.99,"8x200.0 ml, $0.25/100ml",juice,Superstore
"Iced Tea, Raspberry",7.29,"2.63 l, $0.28/100ml",juice,Superstore
Rose Dealcoholized Wine,7.99,"750 ml, $1.07/100ml",juice,Superstore
Four Seasons Juice,1.29,"250 ml, $0.52/100ml",juice,Superstore
100% Apple Juice Boxes 10-Pack,4.99,"10x200.0 ml, $0.25/100ml",juice,Superstore
Slim Orange Passion Fruit,3.79,"1.36 l, $0.28/100ml",juice,Superstore
8-Vegetable Cocktail,3.79,"1.89 l, $0.20/100ml",juice,Superstore
Strawberry Dragon Fruit Refreshing Beverage,4.49,"1.89 l, $0.24/100ml",juice,Superstore
Cranberry Twist,3.79,"1.36 l, $0.28/100ml",juice,Superstore
Mango Fruit Drink,1.49,"240 ml, $0.62/100ml",juice,Superstore
Tomato Juice,4.79,"1.36 l, $0.35/100ml",juice,Superstore
Fruit Punch,1.99,"2 l, $0.10/100ml",juice,Superstore
Real Fruit Beverage Fruit Punch,2.97,"1.54 l, $0.34/100ml",juice,Superstore
Mocha Cappuccino,6.99,"946 ml, $0.74/100ml",juice,Superstore
Cherry Peach Fruit Juice Beverage Boxes,4.99,"10x200.0 ml, $2.50/100ml",juice,Superstore
Mango Pineapple Juice,3.79,"1.36 l, $0.28/100ml",juice,Superstore
Garden Cocktail,4.69,"1.89 l, $0.25/100ml",juice,Superstore
Cranberry Cocktail,3.79,"1.89 l, $0.20/100ml",juice,Superstore
Strawberry Banana,9.99,"1.54 l, $0.65/100ml",juice,Superstore
Green Goodness,6.99,"946 ml, $0.74/100ml",juice,Superstore
Fruit Plus Veggies Orange Mango Juice,3.79,"1.36 l, $0.28/100ml",juice,Superstore
Sparkling Apple Juice,4.99,"750 ml, $0.67/100ml",juice,Superstore
"Citrus Juice, 8 Pack",3.99,"8x200.0 ml, $0.25/100ml",juice,Superstore
Citrus Juice,1.99,"1 l, $0.20/100ml",juice,Superstore
100% Tropical Juice,1.99,"1 l, $0.20/100ml",juice,Superstore
"V-Go Vegetable Cocktail, Original",4.49,"1.89 l, $0.24/100ml",juice,Superstore
Jammers,3.49,"10x180.0 ml, $0.19/100ml",juice,Superstore
Jasmine Tea Drink Honey Flavour,1.29,"500 ml, $0.26/100ml",juice,Superstore
Red Goodness,6.99,"946 ml, $0.74/100ml",juice,Superstore
Grape Drink,2.69,"2 l, $0.13/100ml",juice,Superstore
"Limited Edition Drink, Raspberry Dragonfruit",2.69,"2 l, $0.13/100ml",juice,Superstore
Sparkling Peach Grape Juice,4.99,"750 ml, $0.67/100ml",juice,Superstore
Smooth Vegetable Cocktail,3.79,"1.89 l, $0.20/100ml",juice,Superstore
Dads Root Beer ,6.49,"4x355.0 ml, $0.46/100ml",juice,Superstore
Orange Juice Boxes ,4.99,"10x200.0 ml, $0.25/100ml",juice,Superstore
"Lemon Tea, Bottle",3.29,"1.89 l, $0.17/100ml",juice,Superstore
Spicy Tomato Clam Cocktail,3.79,"1.89 l, $0.20/100ml",juice,Superstore
Peach Party,2.50,"1.75 l, $0.17/100ml",juice,Superstore
Sparkling White Grape Juice,4.99,"750 ml, $0.67/100ml",juice,Superstore
Cranberry Cocktail,6.99,"3 l, $0.23/100ml",juice,Superstore
"Trop50 Orange Juice, Pulp",5.79,"1.54 l, $0.38/100ml",juice,Superstore
Sparkling Peach Grape Juice,4.99,"750 ml, $0.67/100ml",juice,Superstore
Smooth Vegetable Cocktail,3.79,"1.89 l, $0.20/100ml",juice,Superstore
Mango & Peach Real Fruit Beverage,4.29,"1.75 l, $0.25/100ml",juice,Superstore
Orange Juice Boxes ,4.99,"10x200.0 ml, $0.25/100ml",juice,Superstore
"Trop50 Orange Juice, Pulp",5.79,"1.54 l, $0.38/100ml",juice,Superstore
Fruity Punch Juice Boxes,1.97,"5x200.0 ml, $0.27/100ml",juice,Superstore
Peach Party,2.50,"1.75 l, $0.17/100ml",juice,Superstore
Cranberry Cocktail,6.99,"3 l, $0.23/100ml",juice,Superstore
Mango Juice Boxes,1.97,"5x200.0 ml, $0.27/100ml",juice,Superstore
Raspberry Juice,2.39,"900 ml, $0.27/100ml",juice,Superstore
Peach Clementine Juice,2.49,"960 ml, $0.26/100ml",juice,Superstore
Strawberry Banana Juice,2.49,"960 ml, $0.26/100ml",juice,Superstore
Pure Apple Juice,2.39,"1 l, $0.24/100ml",juice,Superstore
Premium Pineapple Juice ,4.79,"4x250.0 ml, $0.48/100ml",juice,Superstore
Lavender Flavour White Tea,3.49,"1.54 l, $0.26/100ml",juice,Superstore
Orange Juice Boxes,4.99,"10x200.0 ml, $0.25/100ml",juice,Superstore
"Vegetable Cocktail, Original",1.99,"340 ml, $0.59/100ml",juice,Superstore
Real Fruit Beverage From Concentrate Fruit Punch Zero Sugar,7.49,"2.63 l, $0.28/100ml",juice,Superstore
Passion Fruit Nectar,2.49,"960 ml, $0.26/100ml",juice,Superstore
Real Fruit Beverage From Concentrate Strawberry Lemonade Zero Sugar,4.29,"1.54 l, $0.28/100ml",juice,Superstore
Strawberry Peach Beverage    ,4.49,"1.54 l, $0.29/100ml",juice,Superstore
Medium Roast Iced Coffee,7.59,"1.42 l, $0.60/100ml",juice,Superstore
Apple Grape Juice,2.49,"960 ml, $0.26/100ml",juice,Superstore
Lemonade with Raspberry,7.29,"2.63 l, $0.28/100ml",juice,Superstore
"Cold Brew Coffee, Black, Lightly Sweetened",7.99,"1.42 l, $0.56/100ml",juice,Superstore
Blueberry Pomegranate Juice,2.49,"960 ml, $0.26/100ml",juice,Superstore
Deliciously Purple Fruit and Vegetable Juice,2.49,"960 ml, $0.26/100ml",juice,Superstore
100% Juice Morning Sunshine,6.29,"2.5 l, $0.25/100ml",juice,Superstore
"100% Juice Blends 100% Juice, Cranberry",4.99,"1.77 l, $0.28/100ml",juice,Superstore
Vanilla Chai Tea,6.99,"946 ml, $0.74/100ml",juice,Superstore
Fruit Punch Cocktail,1.69,"1 l, $0.17/100ml",juice,Superstore
Cranberry Cherry Cocktail,4.49,"1.89 l, $0.24/100ml",juice,Superstore
Tomato Clam Cocktail Original Light,3.99,"1.89 l, $0.24/100ml",juice,Superstore
"100% Juice Blends 100% Juice, Cranberry and Grape",4.99,"1.77 l, $0.28/100ml",juice,Superstore
Apple Juice,3.99,"8x200.0 ml, $0.25/100ml",juice,Superstore
Vanilla,3.49,"355 ml, $0.98/100ml",juice,Superstore
Ice Black Tea Drink Lemon Flavour,5.49,"2 l, $0.32/100ml",juice,Superstore
Orange Fruit Drink,1.49,"240 ml, $0.62/100ml",juice,Superstore
Green Peas,2.59,"750 g, $0.35/100g",FrozenVegetables,Superstore
Chopped Spinach,1.49,"300 g, $0.50/100g",FrozenVegetables,Superstore
Edamame,3.49,"500 g, $0.70/100g",FrozenVegetables,Superstore
Whole Kernel Corn,2.59,"750 g, $0.35/100g",FrozenVegetables,Superstore
Mixed Vegetables,2.59,"750 g, $0.35/100g",FrozenVegetables,Superstore
Peaches & Cream Corn ,3.49,"750 g, $0.47/100g",FrozenVegetables,Superstore
Petite Pois Small Sweet Peas,3.49,"750 g, $0.47/100g",FrozenVegetables,Superstore
Summer Sweet Peas,3.50,"750 g, $0.60/100g",FrozenVegetables,Superstore
Peaches N Cream Corn,3.50,"750 g, $0.60/100g",FrozenVegetables,Superstore
Extra Fine Whole Green Beans ,3.49,"500 g, $0.70/100g",FrozenVegetables,Superstore
Peas Tender Young,3.50,"750 g, $0.60/100g",FrozenVegetables,Superstore
Peas and Carrots,2.59,"750 g, $0.35/100g",FrozenVegetables,Superstore
Cinnamon Sugar Pineapple Skewers,5.00,"300 g, $1.67/100g",FrozenVegetables,Superstore
Mixed Vegetables,6.29,"2 kg, $0.31/100g",FrozenVegetables,Superstore
California Blend Mixed Vegetables,2.59,"750 g, $0.35/100g",FrozenVegetables,Superstore
"Green Peas, Club Size",6.29,"2 kg, $0.31/100g",FrozenVegetables,Superstore
Baby Brussels Sprouts ,3.49,"500 g, $0.70/100g",FrozenVegetables,Superstore
Cauliflower Florets,3.49,"500 g, $0.70/100g",FrozenVegetables,Superstore
Whole Green Beans,2.59,"750 g, $0.35/100g",FrozenVegetables,Superstore
"Broccoli Florets, Club Size ",9.99,"1.75 kg, $0.57/100g",FrozenVegetables,Superstore
Butternut Squash Chunks ,3.49,"750 g, $0.47/100g",FrozenVegetables,Superstore
Chopped Spinach,3.49,"500 g, $0.70/100g",FrozenVegetables,Superstore
Chili Lime Pineapple Skewers ,5.00,"300 g, $1.67/100g",FrozenVegetables,Superstore
Mixed Garden Vegetables,2.59,"750 g, $0.35/100g",FrozenVegetables,Superstore
Chopped Kale,3.49,"500 g, $0.70/100g",FrozenVegetables,Superstore
Cut Green Beans,2.59,"750 g, $0.35/100g",FrozenVegetables,Superstore
California Blend Veggies,6.29,"2 kg, $0.31/100g",FrozenVegetables,Superstore
Mixed Vegetables,3.50,"750 g, $0.60/100g",FrozenVegetables,Superstore
Whole Kernel Corn,6.29,"2 kg, $0.31/100g",FrozenVegetables,Superstore
Organic Edamame Shelled,5.49,"500 g, $1.10/100g",FrozenVegetables,Superstore
Smokin’ Stampede™ Corn Ribs,3.49,"500 g, $0.70/100g",FrozenVegetables,Superstore
Bangkok-Style Vegetable Blend ,3.49,"500 g, $0.70/100g",FrozenVegetables,Superstore
"Peas & Carrots, Club Size",6.29,"2 kg, $0.31/100g",FrozenVegetables,Superstore
"Valley Selections Essentials, California Blend",3.50,"500 g, $0.96/100g",FrozenVegetables,Superstore
Diced Onions,2.59,"750 g, $0.35/100g",FrozenVegetables,Superstore
Vegetable Medley ,3.49,"750 g, $0.47/100g",FrozenVegetables,Superstore
Whole Leaf Spinach,1.49,"300 g, $0.50/100g",FrozenVegetables,Superstore
Whole Kernel Corn Niblets,3.50,"750 g, $0.60/100g",FrozenVegetables,Superstore
Diced Vegetable Mix,2.59,"750 g, $0.35/100g",FrozenVegetables,Superstore
Asian-Style Vegetable Blend ,3.49,"500 g, $0.70/100g",FrozenVegetables,Superstore
Winter Vegetables,2.59,"750 g, $0.35/100g",FrozenVegetables,Superstore
Valley Selections Japanese Mix,3.50,"500 g, $0.96/100g",FrozenVegetables,Superstore
"Sliced Okra, Bhindi",4.00,"1 kg, $0.40/100g",FrozenVegetables,Superstore
Bean & Carrot Medley,3.50,"500 g, $0.96/100g",FrozenVegetables,Superstore
Valley Selections Stir Fry Medley,3.50,"400 g, $1.20/100g",FrozenVegetables,Superstore
Thai-Style Vegetable Blend,9.99,"1.75 kg, $0.57/100g",FrozenVegetables,Superstore
Organic Broccoli Florets,5.49,"500 g, $1.10/100g",FrozenVegetables,Superstore
"Valley Selection, Asian Blend Vegetables",3.50,"400 g, $1.20/100g",FrozenVegetables,Superstore
Valley Selections Cut Broccoli,3.50,"500 g, $0.96/100g",FrozenVegetables,Superstore
Organic Green Peas,5.49,"500 g, $1.10/100g",FrozenVegetables,Superstore
Organic Edamame In Shell,5.49,"500 g, $1.10/100g",FrozenVegetables,Superstore
Vegan Buffalo Cauliflower Wings,6.99,"375 g, $2.13/100g",FrozenVegetables,Superstore
Valley Selections Baby Blend,3.50,"400 g, $1.20/100g",FrozenVegetables,Superstore
Green Mango Unripe Mango,1.99,"300 g, $0.66/100g",FrozenVegetables,Superstore
Frozen Cut Molokhia,2.49,"400 g, $0.62/100g",FrozenVegetables,Superstore
Horseradish Leaves,1.99,"227 g, $0.88/100g",FrozenVegetables,Superstore
Garlic Parmesan Green Beans,5.29,"340 g, $1.56/100g",FrozenVegetables,Superstore
"Valley Selections Essentials, Antioxidant Italian Blend",3.50,"400 g, $1.20/100g",FrozenVegetables,Superstore
Simply Steam Cut Broccoli & Cauliflower with Cheese Sauce,2.99,"250 g, $1.20/100g",FrozenVegetables,Superstore
Riced Cauliflower,5.49,"500 g, $1.10/100g",FrozenVegetables,Superstore
Cauliflower,5.49,"500 g, $1.10/100g",FrozenVegetables,Superstore
Pigeon Peas,1.59,"300 g, $0.66/100g",FrozenVegetables,Superstore
Pepper Leaves     ,1.99,"227 g, $0.88/100g",FrozenVegetables,Superstore
"Baby Brussels Sprouts, Club Size",9.99,"1.75 kg, $0.57/100g",FrozenVegetables,Superstore
Arctic Gardens Green Beans,10.49,"1.5 kg, $0.70/100g",FrozenVegetables,Superstore
Grilled Ready Veggie Eggplant,3.49,"500 g, $0.70/100g",FrozenVegetables,Superstore
Arctic Gardens Broccoli Florets,10.49,"1.25 kg, $0.84/100g",FrozenVegetables,Superstore
Okra Rings,1.59,"300 g, $0.60/100g",FrozenVegetables,Superstore
"Sliced Karela, Bitter Gourd ",3.29,"500 g, $0.66/100g",FrozenVegetables,Superstore
Chikoo Sapota,1.99,"300 g, $0.66/100g",FrozenVegetables,Superstore
Jute Leaves,1.99,"227 g, $0.88/100g",FrozenVegetables,Superstore
Valley Selections Cheddar Pasta With Vegetables,3.50,"500 g, $0.96/100g",FrozenVegetables,Superstore
Chopped Spinach,5.49,"300 g, $1.83/100g",FrozenVegetables,Superstore
Ready Veggie Zucchini Noodles ,3.49,"350 g, $1.00/100g",FrozenVegetables,Superstore
Sliced Red Beets,3.49,"500 g, $0.70/100g",FrozenVegetables,Superstore
Organic Chopped Kale,5.49,"300 g, $1.83/100g",FrozenVegetables,Superstore
Cauliflower Riced Veggies,5.29,"340 g, $1.56/100g",FrozenVegetables,Superstore
Grated Cassava ,2.99,"454 g, $0.66/100g",FrozenVegetables,Superstore
Shredded Coconut,3.69,"300 g, $1.23/100g",FrozenVegetables,Superstore
Frozen Okra,2.99,"400 g, $0.87/100g",FrozenVegetables,Superstore
Bittermelon Leaves,1.99,"227 g, $0.88/100g",FrozenVegetables,Superstore
Peas Summer Sweet with Butter Sauce,2.99,"250 g, $1.20/100g",FrozenVegetables,Superstore
Fried Paneer,8.49,"400 g, $2.12/100g",FrozenVegetables,Superstore
Organic Peas & Carrots,5.49,"500 g, $1.10/100g",FrozenVegetables,Superstore
Restaurant Sides Roasted Root Vegetables with Garlic Thyme,5.29,"340 g, $1.56/100g",FrozenVegetables,Superstore
Broccoli & Cheese Veggie Tots,6.29,"454 g, $1.39/100g",FrozenVegetables,Superstore
"Restaurant Sides Broccoli Spinach Florentine, Brown Rice & Quinoa",5.29,"283 g, $1.87/100g",FrozenVegetables,Superstore
French Style Green Beans,3.50,"750 g, $0.60/100g",FrozenVegetables,Superstore
Riced Ready Veggie California Blend,3.49,"500 g, $0.70/100g",FrozenVegetables,Superstore
California Vegetable Blend,9.99,"1.75 kg, $0.57/100g",FrozenVegetables,Superstore
Edamame Pods,15.49,"2.7 kg, $0.57/100g",FrozenVegetables,Superstore
"Ready Veggie Fries – Carrot, Parsnip & Beet",3.49,"500 g, $0.70/100g",FrozenVegetables,Superstore
Arctic Gardens Brussels Sprouts Family Size,10.49,"1.75 kg, $0.60/100g",FrozenVegetables,Superstore
Frozen Cooked Soy Beans,2.69,"454 g, $0.66/100g",FrozenVegetables,Superstore
Guar Cluster Bean,1.99,"300 g, $0.66/100g",FrozenVegetables,Superstore
Whole Baby Okra,1.59,"300 g, $0.60/100g",FrozenVegetables,Superstore
Tindora Ivy Gourd,1.99,"300 g, $0.66/100g",FrozenVegetables,Superstore
Organic Whole Green Beans,5.49,"500 g, $1.10/100g",FrozenVegetables,Superstore
"Restaurant Sides Spring Veggies, Brown Rice & Quinoa",5.29,"283 g, $1.87/100g",FrozenVegetables,Superstore
"Whole Okra, Bhindi",4.00,"1 kg, $0.40/100g",FrozenVegetables,Superstore
Organic Butternut Squash Chunks,5.49,"400 g, $1.37/100g",FrozenVegetables,Superstore
Frozen Edamame,2.99,"454 g, $0.66/100g",FrozenVegetables,Superstore
Garden Vegetable Blend,9.99,"1.75 kg, $0.57/100g",FrozenVegetables,Superstore
Organic Whole Kernel Corn,5.49,"500 g, $1.10/100g",FrozenVegetables,Superstore
Brussels Sprouts,5.49,"500 g, $1.10/100g",FrozenVegetables,Superstore
Arvi Colocasia Root,1.99,"300 g, $0.66/100g",FrozenVegetables,Superstore
Small Sweet Peas,5.49,"500 g, $1.10/100g",FrozenVegetables,Superstore
Club Size Small Sweet Peas,11.99,"1.5 kg, $0.80/100g",FrozenVegetables,Superstore
Bean Curd Miso,1.29,"113 g, $1.14/100g",FrozenVegetables,Superstore
Cassava Leaves Ground,1.49,"454 g, $0.33/100g",FrozenVegetables,Superstore
"Green Beans, Cut",3.50,"750 g, $0.60/100g",FrozenVegetables,Superstore
Grilled Ready Veggie Brussels Sprouts with Fried Beets and Onions,3.49,"450 g, $0.78/100g",FrozenVegetables,Superstore
Karela ,1.59,"300 g, $0.60/100g",FrozenVegetables,Superstore
Broccoli Florets Club Size,11.99,"1.5 kg, $0.80/100g",FrozenVegetables,Superstore
Cubed Paneer,5.99,"400 g, $1.50/100g",FrozenVegetables,Superstore
Banana Leaves,1.79,"454 g, $0.39/100g",FrozenVegetables,Superstore
Corn Peach N Cream with Butter Sauce,2.99,"250 g, $1.20/100g",FrozenVegetables,Superstore
Restaurant Sides Glazed Carrots,5.29,"340 g, $1.56/100g",FrozenVegetables,Superstore
Whole Baby Carrots,3.49,"500 g, $0.70/100g",FrozenVegetables,Superstore
Ready Veggie Cuts Sweet Potato,3.49,"350 g, $1.00/100g",FrozenVegetables,Superstore
English Cucumber,1.99,"1 ea, $1.99/1ea",vegetable,No Frills
Tomato On The Vine Red (1 Bunch),4.68,$6.59/1kg $2.99/1lb,vegetable,No Frills
Green Onion,1.29,"1 bunch, $1.29/1ea",vegetable,No Frills
Asparagus,5.19,$8.80/1kg $3.99/1lb,vegetable,No Frills
Tomato Beefsteak  Red,1.18,$4.39/1kg $1.99/1lb,vegetable,No Frills
"Yellow Onions, 3 lb Bag",3.99,"1.36 kg, $0.29/100g",vegetable,No Frills
"Romaine Heart, 3 Pack",4.99,"3 pack, $1.66/1ea",vegetable,No Frills
Lettuce Iceberg,3.49,"1 ea, $3.49/1ea",vegetable,No Frills
Celery Stalks,2.99,"1 ea, $2.99/1ea",vegetable,No Frills
Red Onion,2.44,$6.59/1kg $2.99/1lb,vegetable,No Frills
"Russet Potatoes, 10 lb Bag",7.99,"4.54 kg, $0.18/100g",vegetable,No Frills
Grape Tomatoes,2.99,"283 g, $1.06/100g",vegetable,No Frills
"Bi-Colour Corn, Corn on the Cob",0.89,"1 ea, $0.89/1ea",vegetable,No Frills
Red Peppers    ,2.38,$9.90/1kg $4.49/1lb,vegetable,No Frills
English Cucumber 3Ct    ,3.99,"3 pack, $1.33/1ea",vegetable,No Frills
Sweet Baby Peppers (4-Pack),6.99,"1 ea, $1.75/1ea",vegetable,No Frills
Broccoli Crowns,2.92,$7.69/1kg $3.49/1lb,vegetable,No Frills
Cauliflower,3.99,"1 ea, $3.99/1ea",vegetable,No Frills
Ginger,1.38,$6.59/1kg $2.99/1lb,vegetable,No Frills
Sweet Green Peppers,1.88,$7.69/1kg $3.49/1lb,vegetable,No Frills
Roma Tomatoes,0.66,$5.49/1kg $2.49/1lb,vegetable,No Frills
Mini Cucumbers,3.99,"6 pack, $0.67/1ea",vegetable,No Frills
Zucchini,1.85,$6.59/1kg $2.99/1lb,vegetable,No Frills
"Garlic Bulbs, 3-count",0.99,"90 g, $0.33/1ea",vegetable,No Frills
Broccoli,3.49,"1 ea, $3.49/1ea",vegetable,No Frills
Naturally Imperfect Mixed Sweet Peppers 2.5lb Bag,6.00,"1.113 kg, $0.54/100g",vegetable,No Frills
Sweet Onion,3.03,$6.59/1kg $2.99/1lb,vegetable,No Frills
Sweet Potato,2.77,$4.39/1kg $1.99/1lb,vegetable,No Frills
Sweet Corn,4.99,"4 pack, $1.25/1ea",vegetable,No Frills
Grape Tomato 907G    ,8.00,"908 g, $0.88/100g",vegetable,No Frills
"Mini Carrots, 2 lb",5.99,"907 g, $0.66/100g",vegetable,No Frills
Whole White Mushrooms,4.99,"454 g, $1.10/100g",vegetable,No Frills
Colossal Garlic,1.32,$13.21/1kg $5.99/1lb,vegetable,No Frills
Mini Cucumbers,5.99,"15x1.0 ea, $0.40/1ea",vegetable,No Frills
"Red Field Peppers, 4-Pack",4.00,"1 ea, $1.00/1ea",vegetable,No Frills
Romaine Lettuce,3.79,"1 ea, $3.79/1ea",vegetable,No Frills
"Cabbage, Green",3.66,$2.18/1kg $0.99/1lb,vegetable,No Frills
Green Leaf Lettuce,2.00,"1 ea, $2.00/1ea",vegetable,No Frills
Yellow Mini Potatoes,4.00,"0.68 kg, $0.59/100g",vegetable,No Frills
Radishes,1.00,"1 bunch, $1.00/1ea",vegetable,No Frills
"Carrots, 2 lb bag",3.49,"907 g, $0.38/100g",vegetable,No Frills
White Mushrooms,3.49,"227 g, $1.54/100g",vegetable,No Frills
White Onion,2.03,$5.49/1kg $2.49/1lb,vegetable,No Frills
"Greenhouse Peppers, Orange",2.38,$9.90/1kg $4.49/1lb,vegetable,No Frills
Lemon Grass,1.98,$13.21/1kg $5.99/1lb,vegetable,No Frills
Belgian Endive,1.32,$8.80/1kg $3.99/1lb,vegetable,No Frills
Garlic Stem,7.91,$12.96/1kg $5.88/1lb,vegetable,No Frills
Curry Leaves,6.88,$52.89/1kg $24.00/1lb,vegetable,No Frills
Taiwanese Flat Cabbage,3.71,$3.28/1kg $1.49/1lb,vegetable,No Frills
Jalapeno Peppers,0.55,$11.00/1kg $4.99/1lb,vegetable,No Frills
Brown Mushrooms,5.00,"680 g, $0.74/100g",vegetable,No Frills
Chinese Bitter Melons,1.45,$6.59/1kg $2.99/1lb,vegetable,No Frills
"Red Beets, Bunched",4.99,"1 bunch, $4.99/1ea",vegetable,No Frills
Yu Choy Sum,5.15,$7.69/1kg $3.49/1lb,vegetable,No Frills
Chinese Long Beans (Bodie),0.55,$1.10/100g $11.00/1kg,vegetable,No Frills
Sliced White Mushrooms,4.99,"454 g, $1.10/100g",vegetable,No Frills
Baby Boo Halloween Pumpkins,4.00,"6x1.0 ea, $0.67/1ea",vegetable,No Frills
Kabocha Squash,11.25,$5.49/1kg $2.49/1lb,vegetable,No Frills
Soy Sprouts,1.99,"454 g, $0.44/100g",vegetable,No Frills
"Mini Halloween Pumpkins, 6 Pack",4.00,"1 ea, $0.34/100g",vegetable,No Frills
Lemongrass,1.49,"1 ea, $1.49/1ea",vegetable,No Frills
Stuffer White Mushrooms,4.99,"6 pack, $1.56/100g",vegetable,No Frills
Mixed Little Gems,4.00,"0.68 kg, $0.59/100g",vegetable,No Frills
Peeled Garlic cloves,4.99,"454 g, $1.10/100g",vegetable,No Frills
LoBok (Daikon Radish),2.67,$2.84/1kg $1.29/1lb,vegetable,No Frills
"Carrots, 5 lb bag",6.99,"2.268 kg, $0.31/100g",vegetable,No Frills
"Organic Sweet Potatoes, 3 lb Bag",9.99,"1.36 kg, $0.73/100g",vegetable,No Frills
Roma Tomatoes,6.00,"1 ea, $0.44/100g",vegetable,No Frills
"Red Potatoes, 10 lb Bag",8.99,"4.54 kg, $0.20/100g",vegetable,No Frills
Whole Cremini Mushrooms,4.99,"454 g, $1.10/100g",vegetable,No Frills
Karela,0.57,$4.39/1kg $1.99/1lb,vegetable,No Frills
Chinese Broccoli (gai lan),5.37,$8.80/1kg $3.99/1lb,vegetable,No Frills
Celery Hearts,4.99,"2 pack, $2.50/1ea",vegetable,No Frills
French Beans,5.99,"400 g, $1.50/100g",vegetable,No Frills
Organic Cucumber Mini,4.99,"342 g, $0.83/1ea",vegetable,No Frills
Organic Butternut Squash,9.36,$6.59/1kg $2.99/1lb,vegetable,No Frills
Jamaican Sweet Potatoes,4.84,$12.10/1kg $5.49/1lb,vegetable,No Frills
Don Qua,7.06,$6.59/1kg $2.99/1lb,vegetable,No Frills
Organic Garlic,3.99,"115 g, $3.47/100g",vegetable,No Frills
Baby Bok Choy Jr,5.15,$7.69/1kg $3.49/1lb,vegetable,No Frills
Green Beans,0.44,$0.88/100g $8.80/1kg,vegetable,No Frills
"Naturally Imperfect Red Potatoes, 20 lb bag",9.00,"9.072 kg, $0.10/100g",vegetable,No Frills
Organic Cauliflower,5.99,"1 ea, $5.99/1ea",vegetable,No Frills
Thai Eggplant,4.66,$8.80/1kg $3.99/1lb,vegetable,No Frills
Portobello Mushroom Caps,5.99,"4 pack, $2.85/100g",vegetable,No Frills
Yu Choy,5.10,$8.80/1kg $3.99/1lb,vegetable,No Frills
Gai Lan Jr.,4.18,$8.80/1kg $3.99/1lb,vegetable,No Frills
Whole White Mushrooms,5.99,"454 g, $1.32/100g",vegetable,No Frills
Vietnamese Basil,3.23,$55.09/1kg $25.00/1lb,vegetable,No Frills
Chives Flour,0.83,$1.65/100g $16.51/1kg,vegetable,No Frills
Ong Choy,9.99,"425 g, $2.35/100g",vegetable,No Frills
"Chinese Carrots, Jumbo",4.07,$5.49/1kg $2.49/1lb,vegetable,No Frills
Peppermint,4.53,$55.09/1kg $25.00/1lb,vegetable,No Frills
Whole Cremini Mushrooms,5.99,"454 g, $1.32/100g",vegetable,No Frills
Snap Peas,4.99,"227 g, $2.20/100g",vegetable,No Frills
Villagio Marzano Tomatoes,7.00,"681 g, $10.28/1kg $0.47/1lb",vegetable,No Frills
Snap Peas,4.99,"227 g, $2.20/100g",vegetable,No Frills
Anaheim Hot Peppers,5.00,"170 g, $2.94/100g",vegetable,No Frills
Chinese Okra,0.99,$6.59/1kg $2.99/1lb,vegetable,No Frills
"Green Peppers, Half Case",19.99,"1 ea, $19.99/1ea",vegetable,No Frills
Peppers,5.99,"2 pack, $3.00/1ea",vegetable,No Frills
Rhubarb,4.49,"1 ea, $4.49/1ea",vegetable,No Frills
Brussels Sprout Bag,7.99,"907 g, $0.88/100g",vegetable,No Frills
Baby Bok Choy,5.08,$7.69/1kg $3.49/1lb,vegetable,No Frills
Rutabaga,2.88,$2.62/1kg $1.19/1lb,vegetable,No Frills
Serrano Hot Peppers,5.00,"113 g, $4.42/100g",vegetable,No Frills
Japanese Yams,5.84,$6.15/1kg $2.79/1lb,vegetable,No Frills
Jamaican Pumpkin,6.59,$4.39/1kg $1.99/1lb,vegetable,No Frills
"Greenhouse Peppers, Yellow",2.28,$9.90/1kg $4.49/1lb,vegetable,No Frills
Drumstick,1.29,"1 ea, $1.29/1ea",vegetable,No Frills
Jicama,4.70,$4.39/1kg $1.99/1lb,vegetable,No Frills
Purple Eggplants,3.76,$6.59/1kg $2.99/1lb,vegetable,No Frills
Live Lettuce Boston,3.99,"1 ea, $3.99/1ea",vegetable,No Frills
Butternut Squash,8.84,$5.49/1kg $2.49/1lb,vegetable,No Frills
Campari Tomatoes 2lb,8.00,"908 g, $0.88/100g",vegetable,No Frills
Romaine Lettuce Hearts,6.99,"3 ea, $2.33/1ea",vegetable,No Frills
"Organic Russet Potatoes, 3 lb bag",5.99,"1.36 kg, $0.44/100g",vegetable,No Frills
"Organic Yellow Potatoes, 3 lb Bag",5.99,"3 lb bag, $0.44/100g",vegetable,No Frills
"Beets, 5 lb bag",5.99,"2.268 kg, $0.26/100g",vegetable,No Frills
Whole White Mushrooms,2.99,"200 g, $1.50/100g",vegetable,No Frills
Green Thai Hot Peppers,5.00,"75 g, $6.67/100g",vegetable,No Frills
"Red Onions, 3 lb Bag",6.99,"1.36 kg, $0.51/100g",vegetable,No Frills
Radicchio Lettuce,3.41,$11.00/1kg $4.99/1lb,vegetable,No Frills
"Carrots, Bunched",3.49,"1 bunch, $3.49/1ea",vegetable,No Frills
Spaghetti Squash,6.92,$5.49/1kg $2.49/1lb,vegetable,No Frills
Thai Green Chili Peppers,1.39,$19.82/1kg $8.99/1lb,vegetable,No Frills
"Yellow Potato, 10 lb Bag",8.99,"4.54 kg, $0.20/100g",vegetable,No Frills
Hot Finger Peppers,0.18,$15.41/1kg $6.99/1lb,vegetable,No Frills
Organics Whole Cremini Mushrooms,3.49,"227 g, $1.54/100g",vegetable,No Frills
Living Lettuce 1 Count,2.99,"350 g, $2.99/1ea",vegetable,No Frills
Turmeric,4.32,$30.84/1kg $13.99/1lb,vegetable,No Frills
Whole Oyster Mushrooms,3.99,"100 g, $3.99/100g",vegetable,No Frills
"Organics Baby Cut Carrots, 2 lb bag",6.79,"907 g, $0.75/100g",vegetable,No Frills
Whole Cremini Mushrooms,2.99,"200 g, $1.50/100g",vegetable,No Frills
Field Cucumbers,1.99,"1 ea, $1.99/1ea",vegetable,No Frills
Baby Eggplants (1 pack),4.62,$11.00/1kg $4.99/1lb,vegetable,No Frills
"Spinach, Bunched",2.00,"1 ea, $2.00/1ea",vegetable,No Frills
Indian Eggplant,0.55,$5.49/1kg $2.49/1lb,vegetable,No Frills
Shallots,7.49,"750 g, $1.00/100g",vegetable,No Frills
Roma Tomatoes. Half Bushel Case,28.99,"1 case, $28.99/1ea",vegetable,No Frills
"White Potatoes, 5 lb Bag",7.99,"2.268 kg, $0.35/100g",vegetable,No Frills
Ruby & Golden Little Gems Potatoes,6.99,"1.36 kg, $0.51/100g",vegetable,No Frills
"Russet Potatoes, 5 lb Bag",5.99,"2.268 kg, $0.26/100g",vegetable,No Frills
Fuzzy Squash,5.89,$6.59/1kg $2.99/1lb,vegetable,No Frills
Roma Tomatoes. Half Bushel Case,28.99,"1 case, $28.99/1ea",vegetable,No Frills
"White Potatoes, 5 lb Bag",7.99,"2.268 kg, $0.35/100g",vegetable,No Frills
Ruby & Golden Little Gems Potatoes,6.99,"1.36 kg, $0.51/100g",vegetable,No Frills
"Russet Potatoes, 5 lb Bag",5.99,"2.268 kg, $0.26/100g",vegetable,No Frills
Jamaican Aloe,2.68,$5.05/1kg $2.29/1lb,vegetable,No Frills
Green Peppers,4.00,"1 ea, $1.00/1ea",vegetable,No Frills
"Organic English Cucumber, Pack of 2",7.00,"1 ea, $3.50/1ea",vegetable,No Frills
Salted Duck Eggs,3.99,"1 ea, $1.06/100g",vegetable,No Frills
Fuzzy Squash,5.89,$6.59/1kg $2.99/1lb,vegetable,No Frills
Lotus Root,3.30,$6.59/1kg $2.99/1lb,vegetable,No Frills
Turnips,2.09,$5.49/1kg $2.49/1lb,vegetable,No Frills
Leeks,5.99,"1 bunch, $5.99/1ea",vegetable,No Frills
Carrots,0.57,$4.39/1kg $1.99/1lb,vegetable,No Frills
Sliced Cremini Mushrooms,4.99,"454 g, $1.10/100g",vegetable,No Frills
"Red Potatoes, 5 lb Bag",6.99,"2.268 kg, $0.31/100g",vegetable,No Frills
Arrow Head,1.98,$5.49/1kg $2.49/1lb,vegetable,No Frills
Snow Peas,3.79,"200 g, $1.90/100g",vegetable,No Frills
Mixed Peppers (6 Pack),6.99,"6x1.0 ea, $1.17/1ea",vegetable,No Frills
Opo Squash,2.07,$3.28/1kg $1.49/1lb,vegetable,No Frills
"Decorative Corn, pack of 3",4.00,"1 ea, $4.00/1ea",vegetable,No Frills
Mini Carrots 1lb,3.69,"454 g, $0.81/100g",vegetable,No Frills
"Organics Yellow Onions, 2 lb Bag",3.99,"907 g, $0.44/100g",vegetable,No Frills
Tomatillo,3.99,"340 g, $1.17/100g",vegetable,No Frills
Broccolini,2.99,"1 bunch, $2.99/1ea",vegetable,No Frills
Yellow Yams,5.50,$11.00/1kg $4.99/1lb,vegetable,No Frills
Eryngo (Ngo Gai),2.77,$39.62/1kg $17.98/1lb,vegetable,No Frills
Baby Napa,6.59,$6.59/1kg,vegetable,No Frills
Green Radish,2.50,$4.99/1kg $2.26/1lb,vegetable,No Frills
Baby Napa (Suey Choy),3.99,"545 g, $0.73/100g",vegetable,No Frills
Red Beets,0.83,$4.39/1kg $1.99/1lb,vegetable,No Frills
Gobo Root,2.77,$4.39/1kg $1.99/1lb,vegetable,No Frills
Snap Peas,6.99,"425 g, $1.64/100g",vegetable,No Frills
Axiany Cherry Tomatoes,4.00,"0.225 kg, $1.78/100g",vegetable,No Frills
Fennel,2.99,"1 ea, $2.99/1ea",vegetable,No Frills
Naturally Imperfect White Mushrooms,5.00,"680 g, $0.74/100g",vegetable,No Frills
Ginger,3.99,"160 g, $2.49/100g",vegetable,No Frills
"Organic Red Onions, 2 lb bag",4.99,"907 g, $0.55/100g",vegetable,No Frills
Kale,2.00,"1 bunch, $2.00/1ea",vegetable,No Frills
Cremini Mushrooms,0.33,$1.10/100g $11.00/1kg,vegetable,No Frills
Organic Iceberg Lettuce,4.29,"1 ea, $4.29/1ea",vegetable,No Frills
Red Thai Hot Peppers,5.00,"75 g, $6.67/100g",vegetable,No Frills
"Artichokes, Large",2.99,"1 ea, $2.99/1ea",vegetable,No Frills
Radish,3.49,"454 g, $0.77/100g",vegetable,No Frills
"Tiger Halloween Pumpkins, 3 Pack",6.00,"1 ea, $6.00/1ea",vegetable,No Frills
Variety Pack Tomatoes,4.99,"680 g, $0.73/100g",vegetable,No Frills
Sour Cabbage Head,11.74,$6.59/1kg $2.99/1lb,vegetable,No Frills
Green House Beefsteak Tomatoes ,4.00,"454 g, $0.88/100g",vegetable,No Frills
"Peppers, Mini",5.99,"454 g, $1.32/100g",vegetable,No Frills
Organics Portobello Mushroom Caps,4.99,"2 pack, $2.94/100g",vegetable,No Frills
Poblano Hot Peppers,5.00,"226 g, $2.21/100g",vegetable,No Frills
Red Leaf Lettuce,2.00,"1 ea, $2.00/1ea",vegetable,No Frills
White Mushrooms,0.33,$1.10/100g $11.00/1kg,vegetable,No Frills
Acorn Squash,4.61,$5.49/1kg $2.49/1lb,vegetable,No Frills
Asparagus,6.99,"340 g, $2.06/100g",vegetable,No Frills
Organic Spaghetti Squash,11.80,$6.59/1kg $2.99/1lb,vegetable,No Frills
Organics Whole Shitake Mushrooms,4.99,"100 g, $4.99/100g",vegetable,No Frills
Red Potatoes,1.43,$5.49/1kg $2.49/1lb,vegetable,No Frills
Broccoli,5.49,"1 ea, $5.49/1ea",vegetable,No Frills
Shanghai Bok Choy,4.22,$6.59/1kg $2.99/1lb,vegetable,No Frills
Axiany Cherry Tomatoes,8.00,"681 g, $1.17/100g",vegetable,No Frills
Snap Peas,3.79,"200 g, $1.90/100g",vegetable,No Frills
Paradise Crunch Super Sweet Mini Peppers,4.99,"450 g, $1.11/100g",vegetable,No Frills
Rapini,4.99,"1 bunch, $4.99/1ea",vegetable,No Frills
Celery Hearts,4.99,"1 ea, $2.50/1ea",vegetable,No Frills
Caribbean Sweet Potatoes,1.36,$4.39/1kg $1.99/1lb,vegetable,No Frills
Savoy Cabbage,3.85,$3.95/1kg,vegetable,No Frills
Lotus Root,2.97,$9.90/1kg $4.49/1lb,vegetable,No Frills
Long Eggplants (1Pack),19.15,$13.21/1kg $5.99/1lb,vegetable,No Frills
Peeled Garlic,5.83,$11.00/1kg $4.99/1lb,vegetable,No Frills
Galangal,6.01,$28.64/1kg $12.99/1lb,vegetable,No Frills
Ginseng Fresh,11.24,$11.24/100g $112.37/1kg,vegetable,No Frills
Red Cabbage,5.25,$3.95/1kg $1.79/1lb,vegetable,No Frills
Organics Sliced Portobello Mushrooms,4.99,"170 g, $2.94/100g",vegetable,No Frills
Potato Baking Tray,4.99,"1 ea, $4.99/1ea",vegetable,No Frills
Red Swiss Chard,4.99,"1 bunch, $4.99/1ea",vegetable,No Frills
Okra (1 pack),6.01,$14.31/1kg $6.49/1lb,vegetable,No Frills
"Sweet Potatoes, 5 lb bag",9.99,"2.27 kg, $0.44/100g",vegetable,No Frills
Ruby Little Gems Potatoes,4.00,"0.68 kg, $0.59/100g",vegetable,No Frills
White Yams,6.05,$12.10/1kg $5.49/1lb,vegetable,No Frills
Green Swiss Chard,4.99,"1 bunch, $4.99/1ea",vegetable,No Frills
Organic Green Kale,3.49,"1 bunch, $3.49/1ea",vegetable,No Frills
Jalapeno Hot Peppers,5.00,"226 g, $2.21/100g",vegetable,No Frills
Chinese Napa Cabbage,3.18,$2.84/1kg $1.29/1lb,vegetable,No Frills
"Parsnips, 1 lb Bag",4.99,"1 lb bag, $1.10/100g",vegetable,No Frills
Organic Grape Tomatoes,3.99,"280 g, $1.43/100g",vegetable,No Frills
Chayote Squash,1.29,"1 ea, $1.29/1ea",vegetable,No Frills
Shanghai Bok Choy Jr.,4.61,$7.69/1kg $3.49/1lb,vegetable,No Frills
"Yellow Potatoes, 5 lb Bag",6.99,"2.268 kg, $0.31/100g",vegetable,No Frills
Okra,1.10,$11.00/1kg $4.99/1lb,vegetable,No Frills
"Halloween Gourds, Package of 7",4.00,"7x1.0 ea, $0.57/1ea",vegetable,No Frills
White Potatoes,2.13,$5.93/1kg $2.69/1lb,vegetable,No Frills
Long Eggplants,1.10,$4.39/1kg $1.99/1lb,vegetable,No Frills
"Naturally Imperfect Russet Potatoes, 20 lb Bag",9.00,"9.07 kg, $0.00/1ea",vegetable,No Frills
Cassava,3.43,$5.05/1kg $2.29/1lb,vegetable,No Frills
"Taro Root, Medium",8.96,$6.59/1kg $2.99/1lb,vegetable,No Frills
Eddoes,0.66,$4.39/1kg $1.99/1lb,vegetable,No Frills
Eddoes,0.66,$4.39/1kg $1.99/1lb,vegetable,No Frills
"Organic Carrots, 2 lb Bag",3.79,"907 g, $0.42/100g",vegetable,No Frills
Baking Russet Potato,1.89,$4.39/1kg $1.99/1lb,vegetable,No Frills
Naturally Imperfect Cucumbers 5lb Bag,8.00,"2.27 kg, $0.35/100g",vegetable,No Frills
"Red Onions, 10 lb Bag",14.99,"4.54 kg, $0.33/100g",vegetable,No Frills
Garlic Bulbs,5.99,"1 kg, $0.60/100g",vegetable,No Frills
"Sweet Onions, 3 lb Bag",6.99,"1.36 kg, $0.51/100g",vegetable,No Frills
Avalantino Tomato,5.00,"454 g, $1.10/100g",vegetable,No Frills
Grey Zucchini,1.32,$5.49/1kg $2.49/1lb,vegetable,No Frills
Yellow Caribe Hot Peppers,5.00,"226 g, $1.88/100g",vegetable,No Frills
Watercress,2.99,"1 bunch, $2.99/1ea",vegetable,No Frills
"Bananas, Bunch",1.75,$1.52/1kg $0.69/1lb,fruit,No Frills
Strawberries 1LB,2.29,"454 g, $0.50/100g",fruit,No Frills
Red Cherries,9.79,$11.00/1kg $4.99/1lb,fruit,No Frills
Red Seedless Watermelon,7.99,"1 ea, $7.99/1ea",fruit,No Frills
Blueberries 1 pint,4.99,"340 g, $1.47/100g",fruit,No Frills
Strawberries 2LB,8.99,"907 g, $0.99/100g",fruit,No Frills
"Avocados Bag, 5-Pack",5.99,"1 ea, $1.20/1ea",fruit,No Frills
Lemon,0.99,"1 ea, $0.99/1ea",fruit,No Frills
Extra Large Green Seedless Grapes,11.22,$11.00/1kg $4.99/1lb,fruit,No Frills
Raspberries 1/2 pint,4.99,"170 g, $2.94/100g",fruit,No Frills
Limes,0.99,"1 ea, $0.99/1ea",fruit,No Frills
Extra Large Red Seedless Grapes,10.89,$11.00/1kg $4.99/1lb,fruit,No Frills
"Organic Bananas, Bunch",2.64,$2.40/1kg $1.09/1lb,fruit,No Frills
Bartlett Pears,1.15,$5.49/1kg $2.49/1lb,fruit,No Frills
Avocado,1.99,"1 ea, $1.99/1ea",fruit,No Frills
Pineapple,4.99,"1 ea, $4.99/1ea",fruit,No Frills
Royal Gala Apples,1.38,$6.59/1kg $2.99/1lb,fruit,No Frills
Mango,1.29,"1 ea, $1.29/1ea",fruit,No Frills
Blueberries,7.99,"510 g, $1.57/100g",fruit,No Frills
Honeycrisp Apples,2.01,$8.36/1kg $3.79/1lb,fruit,No Frills
Navel Orange,1.54,$4.39/1kg $1.99/1lb,fruit,No Frills
Cantaloupe,4.99,"1 ea, $4.99/1ea",fruit,No Frills
Blackberries 1/2 Pint,4.99,"170 g, $2.94/100g",fruit,No Frills
Raspberry Pint ,6.99,"340 g, $2.06/100g",fruit,No Frills
Ontario Greenhouse-Grown Strawberries ,5.99,"340 g, $1.76/100g",fruit,No Frills
"Navel Oranges, 3 lb Bag",5.99,"1.36 kg, $0.44/100g",fruit,No Frills
Granny Smith Apples,1.32,$6.59/1kg $2.99/1lb,fruit,No Frills
Mandarin Oranges,6.99,"1.36 kg, $0.51/100g",fruit,No Frills
Green Seedless Grapes,7.99,"907 g, $0.88/100g",fruit,No Frills
Ataulfo Mango,1.29,"1 ea, $1.29/1ea",fruit,No Frills
Apple Cosmic Crisp (5lb Bag),6.99,"2.27 ea, $6.99/1ea",fruit,No Frills
Yellow Peaches,1.32,$6.59/1kg $2.99/1lb,fruit,No Frills
Blueberries,6.99,"277 g, $2.52/100g",fruit,No Frills
Peaches ,7.99,"3 l, $0.27/100ml",fruit,No Frills
Kiwis,1.29,"1 ea, $1.29/1ea",fruit,No Frills
Red Seedless Grapes,7.99,"907 g, $0.88/100g",fruit,No Frills
"Naturally Imperfect Avocados, 3 lb Bag",8.00,"1.36 kg, $0.59/100g",fruit,No Frills
"Plantains, Single",1.23,$3.73/1kg $1.69/1lb,fruit,No Frills
Naturally Imperfect Limes,6.00,"907 g, $0.66/100g",fruit,No Frills
Blackberries 1 pint,8.99,"340 g, $2.64/100g",fruit,No Frills
Ambrosia Apples,1.45,$6.59/1kg $2.99/1lb,fruit,No Frills
Mini Seedless Watermelon,6.99,"1 ea, $6.99/1ea",fruit,No Frills
Papaya,7.14,$5.49/1kg $2.49/1lb,fruit,No Frills
Black Plums,1.10,$11.00/1kg $4.99/1lb,fruit,No Frills
"Naturally Imperfect Lemons, 4 lb Bag",7.00,"1.85 kg, $0.38/100g",fruit,No Frills
Atemoya,3.99,"1 ea, $3.99/1ea",fruit,No Frills
Red Pummelos,5.79,"1 ea, $5.79/1ea",fruit,No Frills
Sugar Cane,4.99,"1 ea, $4.99/1ea",fruit,No Frills
Fresh Kiwi Fruit,4.99,"600 g, $0.83/100g",fruit,No Frills
"Ambrosia Apples, 5 lb Bag",6.99,"2.27 kg, $0.31/100g",fruit,No Frills
Sugar Cane,4.99,"1 ea, $4.99/1ea",fruit,No Frills
Pink Guava,7.00,"1 ea, $7.00/1ea",fruit,No Frills
Organic Raspberries 1/2 pint,5.99,"170 g, $3.52/100g",fruit,No Frills
"Red Delicious Apples, 5 lb bag",9.99,"5 lb, $0.44/100g",fruit,No Frills
Red Seedless Grapes,7.99,"907 g, $0.88/100g",fruit,No Frills
Forelle Pears,1.21,$5.49/1kg $2.49/1lb,fruit,No Frills
"Granny Smith Apples, 3 lb Bag",8.99,"1.36 kg, $0.66/100g",fruit,No Frills
White Peaches,1.65,$11.00/1kg $4.99/1lb,fruit,No Frills
"Red Grapefruit, 3 lb Bag",6.99,"1.36 kg, $0.51/100g",fruit,No Frills
Mango Julie,2.53,$11.00/1kg $4.99/1lb,fruit,No Frills
Mandarin Halo,8.99,"1362 g, $0.66/100g",fruit,No Frills
Clementine Stem & Leaf,1.15,$11.00/1kg $4.99/1lb,fruit,No Frills
Nectarine,7.99,"907 g, $0.88/100g",fruit,No Frills
Plum ,7.99,"907 g, $0.88/100g",fruit,No Frills
Solo Papaya,6.99,"1 ea, $6.99/1ea",fruit,No Frills
Hami Melons,16.03,$5.49/1kg $2.49/1lb,fruit,No Frills
Baby Mango,2.49,"1 ea, $2.49/1ea",fruit,No Frills
Purple Passion Fruit,6.00,"1 ea, $6.00/1ea",fruit,No Frills
Pomegranate,2.99,"1 ea, $2.99/1ea",fruit,No Frills
Fresh Coconut Young,3.99,"1 ea, $3.99/1ea",fruit,No Frills
Mango Red 3Ct,5.49,"3 ea, $1.83/1ea",fruit,No Frills
Yellow Pitahaya,5.00,"1 ea, $5.00/1ea",fruit,No Frills
Flavour Burst Sungold Golden Kiwi,6.99,"454 g, $1.54/100g",fruit,No Frills
Santa Claus Melons,10.44,$5.49/1kg $2.49/1lb,fruit,No Frills
Strawberry Quart,5.99,"517 g, $1.16/100g",fruit,No Frills
D'Anjou Pears,1.58,$6.59/1kg $2.99/1lb,fruit,No Frills
Black Figs,1.49,"1 ea, $1.49/1ea",fruit,No Frills
Granny Smith Apples,6.99,"1.36 kg, $0.51/100g",fruit,No Frills
"Organic Fuji Apples, 3 lb Bag",8.99,"1.36 kg, $0.66/100g",fruit,No Frills
Cactus Pears 12X4ct ,3.99,"4x1.0 ea, $1.00/1ea",fruit,No Frills
Honeydew Melon,6.99,"1 ea, $6.99/1ea",fruit,No Frills
"Gala Apples, 3 lb Bag",8.99,"1.36 kg, $0.66/100g",fruit,No Frills
Black Mission Figs,5.99,"227 g, $2.64/100g",fruit,No Frills
Peach,7.99,"907 g, $0.88/100g",fruit,No Frills
Naturally Imperfect Pears,9.00,"2.87 kg, $0.31/100g",fruit,No Frills
"Pink Lady Apples, 5 lb Bag",9.99,"2.27 kg, $0.44/100g",fruit,No Frills
Red Delicious Apples,1.38,$6.59/1kg $2.99/1lb,fruit,No Frills
Organic Kiwi,3.99,"454 g, $0.88/100g",fruit,No Frills
"Organic Lemons, 2 lb bag",5.99,"907 g, $0.66/100g",fruit,No Frills
Guava,6.61,$13.21/1kg $5.99/1lb,fruit,No Frills
Nectarine,7.99,"2 l, $0.40/100ml",fruit,No Frills
"Organic Lime, 1 lb Bag",4.99,"454 g, $1.10/100g",fruit,No Frills
"Navel Oranges Cara Cara, 3 lb Bag",7.99,"1.36 kg, $0.59/100g",fruit,No Frills
Black Seedless Grapes,12.06,$8.80/1kg $3.99/1lb,fruit,No Frills
Yellow Asian Pears,2.11,$6.59/1kg $2.99/1lb,fruit,No Frills
Red Grapefruit,2.49,"1 ea, $2.49/1ea",fruit,No Frills
Yellow Asian Pears,2.11,$6.59/1kg $2.99/1lb,fruit,No Frills
Black Seedless Grapes,7.99,"907 g, $0.88/100g",fruit,No Frills
Green Figs,1.29,"1 ea, $1.29/1ea",fruit,No Frills
Apple Gala,8.99,"2.267 kg, $0.40/100g",fruit,No Frills
"Barlett Pears, 5 lb Bag",9.99,"2270 g, $0.44/100g",fruit,No Frills
Caribbean Avocado,4.99,"1 ea, $4.99/1ea",fruit,No Frills
Mangosteen,7.03,$21.98/1kg $9.97/1lb,fruit,No Frills
Apple Cosmic Crisp,1.85,$7.69/1kg,fruit,No Frills
Dragon Fruit,2.99,"1 ea, $2.99/1ea",fruit,No Frills
Spartan Apples,1.38,$6.59/1kg $2.99/1lb,fruit,No Frills
Green Seedless Grapes,7.99,"907 g, $0.88/100g",fruit,No Frills
"Wine Grapes, Barbera",44.97,"16 kg, $0.28/100g",fruit,No Frills
Fuji Apples,1.58,$6.59/1kg $2.99/1lb,fruit,No Frills
Mandarin Oranges,1.50,$8.80/1kg $3.99/1lb,fruit,No Frills
Mangosteen,6.00,"1 ea, $6.00/1ea",fruit,No Frills
Fuji Apples,9.99,"2.268 kg, $0.44/100g",fruit,No Frills
Blood Oranges,6.99,"907 g, $0.77/100g",fruit,No Frills
Plumcots,9.68,$11.00/1kg $4.99/1lb,fruit,No Frills
Ambrosia Apples,6.99,"1.36 kg, $0.51/100g",fruit,No Frills
Bosc Pears,1.45,$6.59/1kg $2.99/1lb,fruit,No Frills
Large Organic Pineapple,6.99,"1 ea, $6.99/1ea",fruit,No Frills
"Lemons, 3 lb bag",6.99,"1.36 kg, $0.51/100g",fruit,No Frills
White Flesh Nectarine,1.32,$11.00/1kg $4.99/1lb,fruit,No Frills
Naturally Imperfect Apples 8lb Bag,8.00,"3.6 kg, $0.22/100g",fruit,No Frills
Caribbean Avocado,3.64,$9.85/1kg $4.47/1lb,fruit,No Frills
"Mango, Sweet",3.86,$9.90/1kg $4.49/1lb,fruit,No Frills
Guava,4.99,"650 g, $0.77/100g",fruit,No Frills
Prickly Pears,1.29,"1 ea, $1.29/1ea",fruit,No Frills
"Spartan Apples, 5 lb Bag",9.99,"2.27 kg, $0.44/100g",fruit,No Frills
Organic Blackberries,6.99,"170 g, $4.11/100g",fruit,No Frills
Pink Lady Apples,1.38,$6.59/1kg $2.99/1lb,fruit,No Frills
"Cotton Candy Grapes, Bunch",13.47,$13.21/1kg $5.99/1lb,fruit,No Frills
Organic Strawberries 1 LB,5.99,"454 g, $1.32/100g",fruit,No Frills
Yellow Nectarines,1.23,$8.80/1kg $3.99/1lb,fruit,No Frills
Red Seeded Watermelon,12.99,"1 ea, $12.99/1ea",fruit,No Frills
"Durian, Frozen",22.00,$11.00/1kg $4.99/1lb,fruit,No Frills
Coconuts,3.99,"1 ea, $3.99/1ea",fruit,No Frills
Granadillas,6.00,"1 ea, $6.00/1ea",fruit,No Frills
Canary Melon,5.44,$2.49/1lb,fruit,No Frills
Plums,7.99,"907 g, $7.99/1ea",fruit,No Frills
Cheddar Smokies ,11.99,"1 kg, $1.20/100g",sausage,No Frills
Original Smokies,11.99,"1 kg, $1.20/100g",sausage,No Frills
Original Breakfast Sausage,5.99,"375 g, $1.60/100g",sausage,No Frills
Maple Breakfast Sausage,5.99,"375 g, $1.60/100g",sausage,No Frills
Mild Italian Sausage,5.99,"500 g, $1.20/100g",sausage,No Frills
Cheddar Jalapeno Smokies Pork Sausages,11.99,"1000 g, $1.20/100g",sausage,No Frills
Free From Mild Italian Pork Sausages,8.49,"500 g, $1.70/100g",sausage,No Frills
"Mild Italian Pork Sausages, Club Pack",10.00,"1.2 kg, $0.83/100g",sausage,No Frills
Free From Original Breakfast Pork Sausages,6.99,"375 g, $1.86/100g",sausage,No Frills
"Smoked Sausage, Classic Cheddar",8.49,"375 g, $2.26/100g",sausage,No Frills
Italian Smokies,11.99,"1 kg, $1.20/100g",sausage,No Frills
"Smoked Sausages, Cheese",10.00,"900 g, $1.11/100g",sausage,No Frills
Hot Italian Sausage,5.99,"500 g, $1.20/100g",sausage,No Frills
Original Bratwurst Sausage,5.99,"500 g, $1.20/100g",sausage,No Frills
October Wurst Fully Cooked Pork Sausages,11.99,"1 kg, $1.20/100g",sausage,No Frills
Ground Mild Italian Sausage,5.99,"375 g, $1.60/100g",sausage,No Frills
Brown Sugar & Honey Breakfast Sausage,6.99,"375 g, $1.86/100g",sausage,No Frills
Honey Garlic Sausage,6.99,"500 g, $1.40/100g",sausage,No Frills
"Smoked Sausage, Classic Recipe",8.49,"375 g, $2.26/100g",sausage,No Frills
Free From Maple Breakfast Pork Sausages,6.99,"375 g, $1.86/100g",sausage,No Frills
"Hot Italian Pork Sausages, Club Pack",10.00,"1.2 kg, $0.83/100g",sausage,No Frills
Free From Honey Garlic Flavoured Pork Sausages ,8.49,"500 g, $1.70/100g",sausage,No Frills
Honey Garlic Flavoured Pork Sausages Club Pack,10.00,"1.2 kg, $0.83/100g",sausage,No Frills
"Smoked Sausage, Cheddar",7.49,"375 g, $2.00/100g",sausage,No Frills
Original Smoked Sausages,10.00,"900 g, $1.11/100g",sausage,No Frills
Original Breakfast Sausage Rounds,5.99,"250 g, $2.40/100g",sausage,No Frills
Breakfast Sausage,10.00,"1.2 kg, $0.83/100g",sausage,No Frills
Free From Hot Italian Pork Sausages,8.49,"500 g, $1.70/100g",sausage,No Frills
Free From Bangers Pork Sausages,8.49,"500 g, $1.70/100g",sausage,No Frills
Daystarters Sausage Turkey ,3.99,"375 g, $1.06/100g",sausage,No Frills
Ultimate Chicken Wiener,6.99,"900 g, $0.78/100g",sausage,No Frills
Free From Chorizo Pork Sausages,8.49,"500 g, $1.70/100g",sausage,No Frills
Sausage Mild Italian,9.49,"400 g, $2.37/100g",sausage,No Frills
Beyond Beef Grounds,9.79,"340 g, $2.88/100g",sausage,No Frills
Ground Hot Italian Sausage,5.99,"375 g, $1.60/100g",sausage,No Frills
Barese Sausage,6.00,"250 g, $2.40/100g",sausage,No Frills
Beyond Sausage Hot Italian,9.49,"400 g, $2.37/100g",sausage,No Frills
Jalapeño And Cheddar Smoked Sausages,7.99,"375 g, $2.13/100g",sausage,No Frills
Sausage Turkey Maple Flavour,3.99,"375 g, $1.06/100g",sausage,No Frills
Smoked & Fully Cooked Sausages Pure Pork Smoked Bratwurst,7.49,"375 g, $2.00/100g",sausage,No Frills
"Smoked Sausage, Polish Style",7.49,"375 g, $2.00/100g",sausage,No Frills
"Pork Sausages, Club Pack",26.32,$15.41/1kg $6.99/1lb,sausage,No Frills
"Mennonite Style Sausage, Club Pack",17.00,"1 kg, $1.70/100g",sausage,No Frills
Turkey Sausages Mild Italian,7.49,"500 g, $1.50/100g",sausage,No Frills
Pure Pork Sausages,21.99,"2 kg, $1.10/100g",sausage,No Frills
Italian Style Pork Meatballs,14.09,"1 kg, $1.41/100g",sausage,No Frills
Ultimate Chicken Breakfast Sausages Original,6.99,"375 g, $1.86/100g",sausage,No Frills
Corn Dog,12.99,"1 kg, $1.30/100g",sausage,No Frills
"Italian Style Pork Meatballs, Frozen",11.00,"1.4 kg, $0.79/100g",sausage,No Frills
Knackwurst Smoked Sausages,10.00,"900 g, $1.11/100g",sausage,No Frills
Sweet & Spicy Bbq Sausages Limited Edition,5.99,"500 g, $1.20/100g",sausage,No Frills
Fully Cooked Sausage Gourmet Chicken Spinach Feta,5.99,"375 g, $1.60/100g",sausage,No Frills
Honey Garlic Flavour Pork Sausages Value Pack,13.00,"1.4 kg, $0.93/100g",sausage,No Frills
Turkey Sausages Hot Italian,7.49,"500 g, $1.50/100g",sausage,No Frills
"Breakfast Sausages, Tray Pack",6.21,$13.21/1kg $5.99/1lb,sausage,No Frills
Turkey Sausages Bratwurst,7.49,"500 g, $1.50/100g",sausage,No Frills
Ultimate Chicken Breakfast Sausages Maple Flavour,6.99,"375 g, $1.86/100g",sausage,No Frills
Gourmet Chicken Sweet Pepper Fully Cooked Sausage,5.99,"375 g, $1.60/100g",sausage,No Frills
Spicy Italian Fully-Cooked Sausages,6.99,"375 g, $1.86/100g",sausage,No Frills
Chicken Sausages,6.99,"375 g, $1.86/100g",sausage,No Frills
Hot Italian Jumbo Sausage,7.99,"675 g, $1.18/100g",sausage,No Frills
Frozen Twisters Jumbo Sausage,7.99,"500 g, $1.60/100g",sausage,No Frills
Marc Angelo Pork Sausages with Rapini and Parmigiano Reggiano Cheese 675 g,7.99,"675 g, $1.18/100g",sausage,No Frills
Beef Sausages,8.49,"375 g, $2.26/100g",sausage,No Frills
Spicy Three Cheese Jalapeo Smoked Sausage,8.49,"375 g, $2.26/100g",sausage,No Frills
Ultimate Dinner Sausage Hot,7.49,"500 g, $1.50/100g",sausage,No Frills
Ultimate Mild Chicken Dinner Sausage,7.49,"500 g, $1.50/100g",sausage,No Frills
"Pork-Beef Breakfast Sausages, Club Pack",18.84,$11.00/1kg $4.99/1lb,sausage,No Frills
"Pork Sausages, Tray Pack",6.00,$12.77/1kg $5.79/1lb,sausage,No Frills
Pork Breakfast Sausages,11.00,"1.2 kg, $0.92/100g",sausage,No Frills
Sweet Italian Jumbo Sausage,7.99,"675 g, $1.18/100g",sausage,No Frills
"Italian Sausages, Hot",11.00,"1.4 kg, $0.79/100g",sausage,No Frills
"Italian Sausages, Sweet",11.00,"1.4 kg, $0.79/100g",sausage,No Frills
"Cocktail Sausage Smokies, Original",9.99,"500 g, $2.00/100g",sausage,No Frills
Double Smoked Farmers Sausage,13.99,"500 g, $2.80/100g",sausage,No Frills
"Smoked Sausage, Beef",7.99,"375 g, $2.13/100g",sausage,No Frills
"Breakfast Sausage, Cajun",5.99,"375 g, $1.60/100g",sausage,No Frills
"Italian Sausage, Sweet Basil",5.99,"500 g, $1.20/100g",sausage,No Frills
Breakfast Sausage,9.49,"235 g, $4.04/100g",sausage,No Frills
Pork Breakfast Patties,11.00,"1.2 kg, $0.92/100g",sausage,No Frills
Lean Ground Veal ,7.99,"454 g, $1.76/100g",lamb_veal,No Frills
Free From Australian Lean Ground Lamb,13.99,"454 g, $3.08/100g",lamb_veal,No Frills
Free From Australian Lamb Boneless Leg ,33.44,$24.23/1kg $10.99/1lb,lamb_veal,No Frills
Free From Rosemary and Garlic Australian Lamb,24.50,$29.74/1kg $13.49/1lb,lamb_veal,No Frills
Free From Australian Lamb Shanks,23.79,$20.92/1kg $9.49/1lb,lamb_veal,No Frills
Sliced Lamb Shoulder Rolls,14.99,"340 g, $4.41/100g",lamb_veal,No Frills
Free From Australian Lamb Spiedini 24 Skewers,26.99,"480 g, $5.62/100g",lamb_veal,No Frills
Free From Australian Lamb Frenched Rack,34.38,$57.30/1kg $26.00/1lb,lamb_veal,No Frills
Bone in Lamb Stew,29.49,"1.25 kg, $2.36/100g",lamb_veal,No Frills
Lamb Shoulder Chops,20.91,$28.64/1kg $12.99/1lb,lamb_veal,No Frills
Free From Short Cut Leg Australian Lamb,60.78,$22.02/1kg $9.99/1lb,lamb_veal,No Frills
"Lamb Leg Short Cut, Frozen",36.96,$16.07/1kg $7.29/1lb,lamb_veal,No Frills
Veal Chop 1st Cut,21.21,$60.61/1kg $27.50/1lb,lamb_veal,No Frills
"Ground Veal, Lean",10.70,$27.54/1kg $12.50/1lb,lamb_veal,No Frills
"Veal Chop, Second Cut",13.59,$36.35/1kg $16.49/1lb,lamb_veal,No Frills
"Veal Shoulder Roast, Boneless",89.17,$63.69/1kg $28.90/1lb,lamb_veal,No Frills
Lamb Rack Frenched Frozen,25.54,$52.89/1kg $24.00/1lb,lamb_veal,No Frills
Veal Brisket with Bone In,61.42,$30.84/1kg $13.99/1lb,lamb_veal,No Frills
"Lamb Chops, First Cut",21.28,$52.01/1kg $23.60/1lb,lamb_veal,No Frills
Free From Greek Australian Lamb Sirloin Roast  ,23.60,$46.28/1kg $21.00/1lb,lamb_veal,No Frills
"Lamb Leg, Short Cut",39.05,$16.07/1kg $7.29/1lb,lamb_veal,No Frills
Veal Shoulder Sliced,15.18,$58.40/1kg $26.50/1lb,lamb_veal,No Frills
"Free From Halal Fresh Lamb Shoulder, Square Cut",89.70,$72.73/1kg $33.00/1lb,lamb_veal,No Frills
Whole Lamb Shoulder Chop,49.44,$22.02/1kg $9.99/1lb,lamb_veal,No Frills
Lamb Shoulder Steak Bone In,70.02,$42.75/1kg $19.40/1lb,lamb_veal,No Frills
"Veal Chop, 2nd Cut , Club Pack",23.65,$34.37/1kg $15.59/1lb,lamb_veal,No Frills
Veal Shank Bone In,15.51,$34.15/1kg $15.49/1lb,lamb_veal,No Frills
"Chicken Souvlaki, Value Pack",12.99,"480 g, $2.71/100g",kebabs_marinatedMeat,No Frills
"Pork Souvlaki, Value Pack",12.99,"640 g, $2.03/100g",kebabs_marinatedMeat,No Frills
Seasoned Pork Shoulder Blade Carnitas,13.99,"900 g, $1.55/100g",kebabs_marinatedMeat,No Frills
Seasoned Pork Loin Roast Greek,13.99,"730 g, $1.92/100g",kebabs_marinatedMeat,No Frills
Seasoned Pork Loin Roast Maple Apple Flavour,13.99,"730 g, $1.92/100g",kebabs_marinatedMeat,No Frills
Bacon Wrapped Beef,14.99,"340 g, $4.41/100g",kebabs_marinatedMeat,No Frills
Chicken Breast Medallions Bacon Wrapped 452 g,15.99,"452 g, $3.54/100g",kebabs_marinatedMeat,No Frills
"Bacon Twisters, Bacon Wrapped Chicken Skewers",9.49,"280 g, $3.39/100g",kebabs_marinatedMeat,No Frills
"Chicken Breast Souvlaki, 2 Pack",3.49,"120 g, $2.91/100g",kebabs_marinatedMeat,No Frills
World Of Flavours Canadian Maple Pork Loin Roast,13.99,"730 g, $1.92/100g",kebabs_marinatedMeat,No Frills
"Lamb Skewers, Middle Eastern Style",10.49,"240 g, $4.37/100g",kebabs_marinatedMeat,No Frills
Souvlaki Turkey Breast Kabobs,10.39,"320 g, $3.25/100g",kebabs_marinatedMeat,No Frills
"Bacon Wrapped Beef Medallion, Value Pack",28.99,"678 g, $4.28/100g",kebabs_marinatedMeat,No Frills
Stuffed Chicken Breast Mushroom Risotto,10.00,"350 g, $2.86/100g",kebabs_marinatedMeat,No Frills
Hawaiian Style Bacon Wrapped Pork Loin Centre Cut Roast,13.49,"600 g, $2.25/100g",kebabs_marinatedMeat,No Frills
Chicken Breast Bbq Seasoned,10.00,"500 g, $2.00/100g",kebabs_marinatedMeat,No Frills
Worlds of Flavors Carnitas Pork Shoulder,15.49,"900 g, $1.72/100g",kebabs_marinatedMeat,No Frills
Bbq Flavour Bacon Wrapped Pork Loin Centre Cut Roast,12.99,"600 g, $2.17/100g",kebabs_marinatedMeat,No Frills
Chicken Drum Mediterranean,10.00,"750 g, $1.33/100g",kebabs_marinatedMeat,No Frills
Chicken Strip Bbq Seasoned,10.00,"350 g, $2.86/100g",kebabs_marinatedMeat,No Frills
World Of Flavours Greek Seasoned Pork Loin Roast,13.49,"730 g, $1.85/100g",kebabs_marinatedMeat,No Frills
Sweet Chili Lime Pork Sirloin Roast,12.99,"800 g, $1.62/100g",kebabs_marinatedMeat,No Frills
Chicken Breast Chimichurri Seasoned,10.00,"500 g, $2.00/100g",kebabs_marinatedMeat,No Frills
Chicken Wing Lemon & Herb,10.00,"500 g, $2.00/100g",kebabs_marinatedMeat,No Frills
Chicken Wing Red Chili,10.00,"500 g, $2.00/100g",kebabs_marinatedMeat,No Frills
Chicken Thigh Maple Chipotle,10.00,"900 g, $1.11/100g",kebabs_marinatedMeat,No Frills
Chicken Leg Brazilian Spice,10.00,"700 g, $1.43/100g",kebabs_marinatedMeat,No Frills
Barbecue Seasoned Pork Shoulder Blade (World Of Flavours ),13.99,"900 g, $1.55/100g",kebabs_marinatedMeat,No Frills
Turkey Breast Roast Wrap Bacon,17.49,"600 g, $2.92/100g",kebabs_marinatedMeat,No Frills
Chicken Skewer Shish Taouk Seasoned,10.00,"480 g, $2.08/100g",kebabs_marinatedMeat,No Frills
Bacon Wrapped Turkey,11.99,"340 g, $3.53/100g",kebabs_marinatedMeat,No Frills
Lean Ground Beef,7.49,"0.45 kg, $1.66/100g",beef,No Frills
Medium Ground Beef,6.49,"450 g, $1.44/100g",beef,No Frills
Thick & Juicy™ Prime Rib Beef Burger,10.99,"1.13 kg, $0.97/100g",beef,No Frills
Extra Lean Ground Beef,8.49,"0.45 kg, $1.89/100g",beef,No Frills
Thick & Juicy™ Sirloin Beef Burgers ,10.99,"1.13 kg, $0.97/100g",beef,No Frills
Free From Angus Beef Burger,10.99,"1.02 kg, $1.08/100g",beef,No Frills
Thick & Juicy™ Beef Burgers  ,10.99,"1.36 kg, $0.81/100g",beef,No Frills
Thick & Juicy™ Chicken Burgers ,10.99,"1.13 kg, $0.97/100g",beef,No Frills
Beef Burger 4 Oz,13.00,"1.36 kg, $0.96/100g",beef,No Frills
"Certified Angus Beef, Extra Lean Ground Sirloin",12.00,"454 g, $2.64/100g",beef,No Frills
Free From Lean Ground Beef,9.00,"454 g, $1.98/100g",beef,No Frills
Sirloin Beef Burger,10.99,"1.02 kg, $1.08/100g",beef,No Frills
The Ultimate Canadiana Burger,14.00,"852 g, $1.64/100g",beef,No Frills
Wagyu Beef Burgers,10.99,"568 g, $1.93/100g",beef,No Frills
Lean Beef Burgers  ,10.99,"1.13 kg, $0.97/100g",beef,No Frills
Angus Burger,10.99,"1.02 kg, $1.08/100g",beef,No Frills
Lean Ground Beef & Pork,17.86,$13.21/1kg $5.99/1lb,beef,No Frills
Medium Ground Beef,6.29,"454 g, $1.39/100g",beef,No Frills
Italian Meatballs,10.00,"1.5 kg, $0.67/100g",beef,No Frills
Lean Ground Beef,7.29,"454 g, $1.61/100g",beef,No Frills
Beef Knee Bones,7.73,$14.31/1kg $6.49/1lb,beef,No Frills
Kosher Beef Liver,8.35,$18.72/1kg $8.49/1lb,beef,No Frills
Italian Meatballs,9.99,"680 g, $1.47/100g",beef,No Frills
Simmering Short Ribs,29.45,$30.84/1kg $13.99/1lb,beef,No Frills
Inside Round Sandwich Steak,5.75,$27.54/1kg $12.50/1lb,beef,No Frills
Frozen Beef Burger,19.99,"907 g, $2.20/100g",beef,No Frills
Beef Skirt Steak,35.52,$90.37/1kg $41.00/1lb,beef,No Frills
Calf Tongue,19.39,$38.78/1kg $17.60/1lb,beef,No Frills
Kosher Beef Tenderized Steak,15.88,$63.91/1kg $29.00/1lb,beef,No Frills
New York Beef Strip Loin Steak,26.05,$66.12/1kg $30.00/1lb,beef,No Frills
"Inside Round Steak, Club Pack",20.77,$24.23/1kg $10.99/1lb,beef,No Frills
Beef Jumbo Hot Dogs,10.49,"375 g, $2.80/100g",beef,No Frills
Kosher Beef Top Rib Roll,51.98,$57.30/1kg $26.00/1lb,beef,No Frills
"Kosher Beef Ribs, Miami Style",22.36,$66.56/1kg $30.20/1lb,beef,No Frills
Lean Ground Beef Club ,18.31,$13.87/1kg $6.29/1lb,beef,No Frills
"Kosher Brisket, 1st Cut",85.27,$61.71/1kg $28.00/1lb,beef,No Frills
Extra Lean Ground Beef Club Pack,25.55,$16.07/1kg $7.29/1lb,beef,No Frills
Kosher Beef Shoulder Steak,23.03,$59.50/1kg $27.00/1lb,beef,No Frills
Halal Stewing Beef,13.22,$26.43/1kg $11.99/1lb,beef,No Frills
Sirloin Beef Meatballs,16.99,"907 g, $1.87/100g",beef,No Frills
Outside Round Roast,34.54,$23.12/1kg $10.49/1lb,beef,No Frills
Beef Honeycomb Tripe,17.80,$19.82/1kg $8.99/1lb,beef,No Frills
Top Sirloin Roast,34.62,$26.43/1kg $11.99/1lb,beef,No Frills
Kosher Lean Ground Beef,19.56,$40.76/1kg $18.49/1lb,beef,No Frills
"Kosher Lean Ground Beef, Club Pack",22.99,$40.76/1kg $18.49/1lb,beef,No Frills
Extra Lean Ground Beef,8.29,"454 g, $1.83/100g",beef,No Frills
Italian Chicken Meatballs,16.99,"850 g, $2.00/100g",beef,No Frills
Kofta Beef Meatballs,9.00,"454 g, $1.98/100g",beef,No Frills
Kosher Beef Shank Bone In,23.66,$48.48/1kg $22.00/1lb,beef,No Frills
Lean Ground Beef Club Size,10.00,"1 kg, $1.00/100g",beef,No Frills
Kosher Medium Ground Beef,14.87,$29.74/1kg $13.49/1lb,beef,No Frills
Lean Beef,8.00,"454 g, $1.76/100g",beef,No Frills
Swedish Meatballs,10.00,"1.5 kg, $0.67/100g",beef,No Frills
Sirloin Lean Ground Beef,12.00,"650 g, $1.85/100g",beef,No Frills
Calf Liver Slice,12.39,$34.15/1kg $15.49/1lb,beef,No Frills
Kosher Mehadrin Lean Minced Beef,19.43,$39.66/1kg $17.99/1lb,beef,No Frills
Beef Rib Eye Steak,17.78,$62.81/1kg $28.50/1lb,beef,No Frills
Inside Round Roast,36.64,$24.23/1kg $10.99/1lb,beef,No Frills
Kosher Beef 1st Cut Brisket,52.06,$63.91/1kg $29.00/1lb,beef,No Frills
Beef Liver,6.10,$13.21/1kg $5.99/1lb,beef,No Frills
"Kosher Mehadrin Beef Rib Steak, Cap Off",27.41,$70.53/1kg $32.00/1lb,beef,No Frills
"Kosher Mehadrin Minced Beef, Regular",15.47,$28.64/1kg $12.99/1lb,beef,No Frills
Beef Stir Fry Strips,9.38,$22.02/1kg $9.99/1lb,beef,No Frills
Swedish Beef Meatballs,16.99,"907 g, $1.87/100g",beef,No Frills
Regular Minute Steak,19.29,$63.91/1kg $29.00/1lb,beef,No Frills
Free From Striploin Steak,14.28,$52.89/1kg $24.00/1lb,beef,No Frills
"Beef Top Sirloin Steak, Club Pack",24.18,$26.43/1kg $11.99/1lb,beef,No Frills
"BBQ Beef Burgers, Hickory Flavour",14.00,"1.13 kg, $1.24/100g",beef,No Frills
"Spare Beef Ribs, Kosher",19.12,$30.84/1kg $13.99/1lb,beef,No Frills
Beef Short Ribs,30.74,$68.32/1kg $31.00/1lb,beef,No Frills
Beef Burgers,14.00,"1.13 kg, $1.24/100g",beef,No Frills
Beef Top Sirloin Steak,12.34,$26.43/1kg $11.99/1lb,beef,No Frills
"Ground Beef, Regular Club Pack",19.80,$11.00/1kg $4.99/1lb,beef,No Frills
Pork Hot Pot Sliced Pork Shoulder,8.99,"250 g, $3.60/100g",beef,No Frills
Simulated Meat Burger Patties Made From Plants,8.99,"226 g, $3.98/100g",beef,No Frills
Brisket 2nd Cut,72.13,$55.09/1kg $25.00/1lb,beef,No Frills
"Blade Roast, Boneless",35.84,$24.23/1kg $10.99/1lb,beef,No Frills
Beef Cap Off Rib Steak,24.88,$46.27/1kg $20.99/1lb,beef,No Frills
Free From Boneless Stewing Beef,14.99,"454 g, $3.30/100g",beef,No Frills
Eye Of Round Steak,10.09,$22.02/1kg $9.99/1lb,beef,No Frills
Kosher Beef Rib Roast,120.61,$70.53/1kg $32.00/1lb,beef,No Frills
Sliced Beef Plate Rolls,13.49,"340 g, $3.97/100g",beef,No Frills
Kosher Beef Chuck Steak,22.68,$46.28/1kg $21.00/1lb,beef,No Frills
Beef Kidney,5.47,$9.90/1kg $4.49/1lb,beef,No Frills
Beyond Burger Plant-Based,8.29,"226 g, $3.67/100g",beef,No Frills
"Whole Beef Shank, Frozen",9.00,$15.41/1kg $6.99/1lb,beef,No Frills
BBQ Strip Loin Steak,13.21,$44.06/1kg $19.99/1lb,beef,No Frills
"Beef Striploin Steak, Club Pack",39.77,$41.86/1kg $18.99/1lb,beef,No Frills
"Beef Chuck Roast, Boneless",44.91,$56.20/1kg $25.50/1lb,beef,No Frills
Beef Minute Steak,26.92,$52.89/1kg $24.00/1lb,beef,No Frills
Kosher Beef Chunks,29.06,$70.53/1kg $32.00/1lb,beef,No Frills
Top Sirloin Steak,33.05,$33.05/1kg,beef,No Frills
Thick & Juicy Beef Burgers,27.99,"2.72 kg, $1.03/100g",beef,No Frills
Chicken Hot Pot Sliced Chicken Breast,9.99,"250 g, $4.00/100g",beef,No Frills
Free From Angus Beef Meatball,16.99,"850 g, $2.00/100g",beef,No Frills
Lean Ground Beef,26.99,"1 kg, $2.70/100g",beef,No Frills
"Navel Beef, 4LB",27.99,"1.814 kg, $1.54/100g",beef,No Frills
Beef Rib Eye Roast,29.99,$79.34/1kg $36.00/1lb,beef,No Frills
"Stew Beef, Boneless",11.57,$23.13/1kg $10.49/1lb,beef,No Frills
"Beef Chuck Roast, Bone In",49.33,$45.17/1kg $20.49/1lb,beef,No Frills
Halal Gf Strip Loin Steak,9.92,$39.66/1kg $17.99/1lb,beef,No Frills
"Burger C/Pack 20'S 5Lb, Club Pack",23.00,"2.27 kg, $1.01/100g",beef,No Frills
Beef Stock Bones (Marrow),18.41,$29.74/1kg $13.49/1lb,beef,No Frills
"Kosher Stewing Beef, Boneless",19.90,$47.38/1kg $21.50/1lb,beef,No Frills
"Kosher Beef Cubes, Club Pack",29.19,$47.38/1kg $21.50/1lb,beef,No Frills
Halal Lean Ground Beef,9.94,$16.51/1kg $7.49/1lb,beef,No Frills
Kosher Mini Beef Burgers,21.99,"907 g, $2.42/100g",beef,No Frills
Kosher Beef Tongue,52.38,$70.53/1kg $32.00/1lb,beef,No Frills
Beef Sirloin Tip Roast,30.83,$22.02/1kg $9.99/1lb,beef,No Frills
"Blade Steak, Boneless",16.53,$28.64/1kg $12.99/1lb,beef,No Frills
"Beef Feet, Frozen",9.11,$13.21/1kg $5.99/1lb,beef,No Frills
Kosher Beef Boneless Shank,34.38,$66.12/1kg $30.00/1lb,beef,No Frills
Beef Oxtail,14.03,$28.64/1kg $12.99/1lb,beef,No Frills
Kosher Medium Ground Beef,14.51,$29.74/1kg $13.49/1lb,beef,No Frills
Kosher Beef Rib Steak,23.19,$67.22/1kg $30.50/1lb,beef,No Frills
"Beef Roast, Miami Style",57.45,$63.91/1kg $29.00/1lb,beef,No Frills
"Beef Burgers, Frozen",9.99,"450 g, $2.22/100g",beef,No Frills
"Medium Ground Kosher Beef, Club Pack",16.65,$29.74/1kg $13.49/1lb,beef,No Frills
"Kosher Cholent, Beef",15.17,$29.74/1kg $13.49/1lb,beef,No Frills
Kosher Shoulder Beef Roast,80.33,$59.50/1kg $27.00/1lb,beef,No Frills
Free From Flank Steak,17.17,$41.87/1kg $19.00/1lb,beef,No Frills
Kosher Beef Pickled Tongue,42.32,$70.53/1kg $32.00/1lb,beef,No Frills
Halal Beef Burgers,16.99,"907 g, $1.87/100g",beef,No Frills
"Blade Steak Boneless, Club Pack",27.36,$26.43/1kg $11.99/1lb,beef,No Frills
Eye Of Round Roast,31.31,$22.02/1kg $9.99/1lb,beef,No Frills
Thick & Juicy Turkey Burgers,14.00,"1.13 kg, $1.24/100g",beef,No Frills
Braising Beef Ribs,23.57,$28.64/1kg $12.99/1lb,beef,No Frills
Free From Boneless Rib Steak,19.17,$66.12/1kg $30.00/1lb,beef,No Frills
Sliced Beef Rolls,13.49,"340 g, $3.97/100g",beef,No Frills
Angus Beef Meatballs,16.99,"907 g, $1.87/100g",beef,No Frills
"Italian Style Beef Meatballs,",16.99,"907 g, $1.87/100g",beef,No Frills
Boneless Stewing Beef,16.53,$44.07/1kg $20.00/1lb,beef,No Frills
Beef Cubes,25.51,$42.09/1kg $19.10/1lb,beef,No Frills
"Beef Chuck Steak, Club Pack",39.06,$46.28/1kg $21.00/1lb,beef,No Frills
Beef Hot Pot Sliced Beef Rib Eye,10.99,"250 g, $4.40/100g",beef,No Frills
Kosher Beef Cheek Meat,27.01,$62.81/1kg $28.50/1lb,beef,No Frills
Beef Sirloin Tip Steak,11.87,$24.23/1kg $10.99/1lb,beef,No Frills
"Ground Beef, Lean Club Pack",25.36,$14.09/1kg $6.39/1lb,beef,No Frills
"Beef Shoulder Steak, Club Pack",40.72,$59.50/1kg $27.00/1lb,beef,No Frills
Ground Beef Medium,12.45,$25.99/1kg $11.79/1lb,beef,No Frills
Italian Beef Meatballs,16.99,"907 g, $1.87/100g",beef,No Frills
Midget Salami,10.49,"375 g, $2.80/100g",beef,No Frills
Beef Soup Bones,7.91,$10.56/1kg $4.79/1lb,beef,No Frills
Kosher Beef Short Rib,32.23,$70.53/1kg $32.00/1lb,beef,No Frills
Golf Hot Dogs,10.49,"375 g, $2.80/100g",beef,No Frills
Kosher Beef Short Rib,32.23,$70.53/1kg $32.00/1lb,beef,No Frills
Free From Top Sirloin Steak,16.66,$39.66/1kg $17.99/1lb,beef,No Frills
Beef Soup Bones,7.91,$10.56/1kg $4.79/1lb,beef,No Frills
Beef Burgers,14.00,"678 g, $2.06/100g",beef,No Frills
Umami Wagyu Burgers,10.99,"568 g, $1.93/100g",beef,No Frills
Chicken Breast Boneless Skinless Club Pack,20.80,$17.61/1kg $7.99/1lb,chicken_turkey,No Frills
Minced Turkey,8.00,"454 g, $1.76/100g",chicken_turkey,No Frills
"Chicken Thighs, Club Pack",13.09,$10.56/1kg $4.79/1lb,chicken_turkey,No Frills
"Pub Style Chicken Strips, Fully Cooked",10.99,"700 g, $1.57/100g",chicken_turkey,No Frills
Ground Chicken,8.00,"454 g, $1.76/100g",chicken_turkey,No Frills
"Chicken Breast, Boneless, Skinless",15.00,"1 ea, $15.00/1ea",chicken_turkey,No Frills
"Pub Style Chicken Nugget, Fully Cooked",10.99,"700 g, $1.57/100g",chicken_turkey,No Frills
"Chicken Leg (Back Attached) , Club Pack",11.26,$9.46/1kg $4.29/1lb,chicken_turkey,No Frills
Chicken Thigh  Boneless Skinless Club Pack,21.94,$18.28/1kg $8.29/1lb,chicken_turkey,No Frills
"Pub Style Chicken Burger, Fully Cooked",10.99,"700 g, $1.57/100g",chicken_turkey,No Frills
"Free From Chicken Breast, Boneless, Skinless",16.04,$30.84/1kg $13.99/1lb,chicken_turkey,No Frills
Chicken Strips,10.00,"1.5 kg, $0.67/100g",chicken_turkey,No Frills
"Chicken Breast Skinless Bone In, Club Pack",20.94,$14.96/1kg $6.79/1lb,chicken_turkey,No Frills
"Popcorn Chicken, Fully Cooked",10.99,"700 g, $1.57/100g",chicken_turkey,No Frills
Chicken Leg Frozen (Back Attached),30.00,"5 kg, $0.60/100g",chicken_turkey,No Frills
Pork Belly Burnt Ends,14.00,"500 g, $2.80/100g",chicken_turkey,No Frills
Chicken Nuggets,10.00,"1.5 kg, $0.67/100g",chicken_turkey,No Frills
"Pub Style Chicken Fries, Fully Cooked",10.99,"700 g, $1.57/100g",chicken_turkey,No Frills
Boneless Skinless Chicken Breasts,15.00,"1 ea, $15.00/1ea",chicken_turkey,No Frills
Boneless Skinless Chicken Breast,27.00,"1.505 kg, $1.79/100g",chicken_turkey,No Frills
"Pub Recipe Chicken Strips, Fully Cooked",7.49,"700 g, $1.07/100g",chicken_turkey,No Frills
Boneless Skinless Chicken Breasts,19.00,"841 g, $2.26/100g",chicken_turkey,No Frills
Boneless Skinless Chicken Breast,15.00,"645 g, $2.33/100g",chicken_turkey,No Frills
"Chicken Wings, Crisp & Crunchy Mild Southern-Style ",15.00,"907 g, $1.65/100g",chicken_turkey,No Frills
Blue Menu Boneless Skinless Chicken Breasts,10.00,"0.42 kg, $2.38/100g",chicken_turkey,No Frills
Boneless Skinless Chicken Breasts,13.00,"1 ea, $13.00/1ea",chicken_turkey,No Frills
Gluten Free Chicken Strips,8.99,"600 g, $1.50/100g",chicken_turkey,No Frills
"Boneless Skinless Chicken Thighs, Raised on Canadian Farms",13.00,"1 ea, $13.00/1ea",chicken_turkey,No Frills
Chicken Breast Fillet Fr,15.00,"925 g, $1.62/100g",chicken_turkey,No Frills
"Chicken Fries, Fully Cooked",10.00,"1.5 kg, $0.67/100g",chicken_turkey,No Frills
Breaded Chicken Cutlettes Chicken Strips,6.00,"908 g, $0.66/100g",chicken_turkey,No Frills
Frozen Grade A Turkey 7-9 Kg,61.52,$7.69/1kg $3.49/1lb,chicken_turkey,No Frills
Free From Skin On Turkey Drumsticks,6.09,$12.10/1kg $5.49/1lb,chicken_turkey,No Frills
"Frozen Utility Turkey, 7-9kg",50.74,$6.59/1kg $2.99/1lb,chicken_turkey,No Frills
"Air Chilled Turkey Breast, Boneless, Skinless",12.73,$21.58/1kg $9.79/1lb,chicken_turkey,No Frills
"Chicken Whole, Tray Pack",17.23,$9.90/1kg $4.49/1lb,chicken_turkey,No Frills
"Boneless Skinless Chicken Breasts, Raised on Canadian Farms",24.00,"1 ea, $24.00/1ea",chicken_turkey,No Frills
Too Good To Be Wings Maple Barbecue Boneless Coated Chicken Breast Chunks,14.99,"800 g, $1.87/100g",chicken_turkey,No Frills
"Free From Chicken Thigh, Boneless, Skinless",13.22,$26.43/1kg $11.99/1lb,chicken_turkey,No Frills
"Chicken Thighs Frozen, Tray Pack",3.17,$26.43/1kg $11.99/1lb,chicken_turkey,No Frills
"Frozen Utility Turkey, 11kg and up",108.43,$7.03/1kg $3.19/1lb,chicken_turkey,No Frills
"Frozen Utility Turkey, 3-5kg",31.07,$7.03/1kg $3.19/1lb,chicken_turkey,No Frills
Halal Chicken Nuggets,10.00,"840 g, $1.19/100g",chicken_turkey,No Frills
"Pub Recipe Chicken Strips, Fully Cooked, Club Size",10.99,"1.4 kg, $0.79/100g",chicken_turkey,No Frills
Jerk Chicken Wings,15.99,"907 g, $1.76/100g",chicken_turkey,No Frills
Skin-on Chicken Legs,10.00,"1.28 kg, $0.78/100g",chicken_turkey,No Frills
Grade A Fresh Turkey 7-9 Kg,66.88,$8.36/1kg $3.79/1lb,chicken_turkey,No Frills
Halal Whole Chicken,13.00,"1.55 kg, $0.84/100g",chicken_turkey,No Frills
Grade A Fresh Turkey 7-9 Kg,66.88,$8.36/1kg $3.79/1lb,chicken_turkey,No Frills
Homestyle Stuffing,7.29,"900 g, $0.81/100g",chicken_turkey,No Frills
Frozen Whole Frying Chicken,13.81,$7.67/1kg $3.48/1lb,chicken_turkey,No Frills
Halal Chicken Strips,10.00,"840 g, $1.19/100g",chicken_turkey,No Frills
Halal Whole Chicken,13.00,"1.55 kg, $0.84/100g",chicken_turkey,No Frills
Free From Split Turkey Breast ,13.71,$18.72/1kg $8.49/1lb,chicken_turkey,No Frills
"Boneless Chicken Bites, Honey Garlic",16.99,"710 g, $2.39/100g",chicken_turkey,No Frills
Boneless Chicken Bites Buffalo,16.99,"710 g, $2.39/100g",chicken_turkey,No Frills
"Free From Chicken Thigh, Bone-in, Skin-on",10.04,$17.62/1kg $7.99/1lb,chicken_turkey,No Frills
Nashville Breaded Chicken Bites,14.99,"700 g, $2.14/100g",chicken_turkey,No Frills
"Turkey, 5-7KG Frozen",24.00,"1 ea, $24.00/1ea",chicken_turkey,No Frills
Extra Lean Ground Chicken ,8.00,"454 g, $1.76/100g",chicken_turkey,No Frills
"Turkey 3-5KG, Frozen",18.00,"1 ea, $18.00/1ea",chicken_turkey,No Frills
Air Chilled Turkey Breast Fillet,13.16,$22.69/1kg $10.29/1lb,chicken_turkey,No Frills
Ground Chicken Extra Lean,2.99,"454 g, $0.66/100g",chicken_turkey,No Frills
"Frozen Utility Turkey, 9-11kg",62.08,$6.59/1kg $2.99/1lb,chicken_turkey,No Frills
"Free from Butter Infused Turkey  5-7 Kg, Frozen",40.00,"1 ea, $40.00/1ea",chicken_turkey,No Frills
Turkey Breast Roast,20.54,$21.58/1kg $9.79/1lb,chicken_turkey,No Frills
Chicken Breast Strips,12.99,"800 g, $1.62/100g",chicken_turkey,No Frills
Grade A Fresh Turkey  5 Kg,37.62,$8.36/1kg $3.79/1lb,chicken_turkey,No Frills
"Boneless Skinless Chicken Breast Fillets, Raised on Canadian Farms",13.00,"1 ea, $13.00/1ea",chicken_turkey,No Frills
Breaded Chicken Burgers,12.99,"800 g, $1.62/100g",chicken_turkey,No Frills
"Halal Chicken Wings, Club Pack",24.00,"2 kg, $1.20/100g",chicken_turkey,No Frills
Frozen Chicken Breasts Organic Extra Lean,32.79,"1 kg, $3.28/100g",chicken_turkey,No Frills
Halal Barbeque Chicken Wings,17.99,"908 g, $1.98/100g",chicken_turkey,No Frills
Breaded Chicken Breast Fillets,18.99,"908 g, $2.09/100g",chicken_turkey,No Frills
Halal Breaded Chicken Burgers,10.00,"828 g, $1.21/100g",chicken_turkey,No Frills
Grade A Fresh Turkey 5-7 Kg,50.16,$8.36/1kg $3.79/1lb,chicken_turkey,No Frills
Frozen Chicken Fries,12.99,"800 g, $1.62/100g",chicken_turkey,No Frills
Free From Split Turkey Wings,6.39,$14.31/1kg $6.49/1lb,chicken_turkey,No Frills
"Butter Infused Young Turkey - 3-5 kg, Frozen",28.00,1 kg,chicken_turkey,No Frills
Frozen Turkey 7-9 Kg,53.00,"8 kg, $0.66/100g",chicken_turkey,No Frills
World of Flavours Chicken Legs Skin-On Jerk,16.51,$16.51/1kg $7.49/1lb,chicken_turkey,No Frills
Nashville-Style Chicken Wings,15.00,"907 g, $1.65/100g",chicken_turkey,No Frills
Blue Menu Boneless Skinless Butterflied Chicken Breasts,10.00,"421 g, $2.38/100g",chicken_turkey,No Frills
Boneless Skinless Chicken Thighs,13.00,"696 g, $1.87/100g",chicken_turkey,No Frills
"Frozen Turkey, 5-7 Kg",38.00,"6 kg, $0.63/100g",chicken_turkey,No Frills
"Turkey 7-9KG, Frozen",32.99,"1 ea, $32.99/1ea",chicken_turkey,No Frills
Utility Frozen Turkey 9-11 Kg,40.99,"1 ea, $40.99/1ea",chicken_turkey,No Frills
"Bone-in Chicken Thighs, Raised on Canadian Farms",10.00,"0.954 kg, $1.05/100g",chicken_turkey,No Frills
"Honey Garlic Chicken Wings, Club Pack",21.99,"1.81 kg, $1.21/100g",chicken_turkey,No Frills
Frozen Grade A Turkey 5-7 Kg,46.14,$7.69/1kg $3.49/1lb,chicken_turkey,No Frills
"Chicken Breast Fillet, Club Pack",11.61,$18.72/1kg $8.49/1lb,chicken_turkey,No Frills
Bone in Skin on Chicken Thighs,9.00,"840 g, $1.07/100g",chicken_turkey,No Frills
"Fully Cooked, Breaded Chicken Nuggets Cutlettes",6.00,"908 g, $0.66/100g",chicken_turkey,No Frills
Free From Skinless Boneless Turkey Breast Strips,9.09,$27.54/1kg $12.50/1lb,chicken_turkey,No Frills
"Kosher Chicken Thighs, Tray Pack",15.60,$26.43/1kg $11.99/1lb,chicken_turkey,No Frills
"Chicken Wings, Club Pack",21.99,"1.81 kg, $1.21/100g",chicken_turkey,No Frills
"Chicken Wings, Club Pack",21.99,"1.81 kg, $1.21/100g",chicken_turkey,No Frills
Buffalo Chicken Wings,12.99,"908 g, $1.43/100g",chicken_turkey,No Frills
"Chicken Breast, Bone-in Skin On, Club Pack",17.18,$12.10/1kg $5.49/1lb,chicken_turkey,No Frills
"Chicken Wings, Honey Garlic",12.99,"908 g, $1.43/100g",chicken_turkey,No Frills
Kosher Chicken Breast Nuggets,25.99,"907 g, $2.87/100g",chicken_turkey,No Frills
Boneless Skinless Chicken Breast,19.00,"1.075 kg, $1.77/100g",chicken_turkey,No Frills
Buffalo Wings Spicy,17.99,"908 g, $1.98/100g",chicken_turkey,No Frills
Frozen Popcorn Chicken,12.99,"800 g, $1.62/100g",chicken_turkey,No Frills
Boneless Stuffed Turkey Ball Frozen,22.79,"1.5 kg, $1.52/100g",chicken_turkey,No Frills
Free From Turkey Breast Scaloppine,9.91,$27.54/1kg $12.50/1lb,chicken_turkey,No Frills
Butter Infused Young Turkey - Frozen - 5-7 kg,38.00,1 ea,chicken_turkey,No Frills
BBQ Chickens Bites,16.99,"710 g, $2.39/100g",chicken_turkey,No Frills
Texas BBQ Chicken Wings,14.99,"615 g, $2.44/100g",chicken_turkey,No Frills
Medium Buffalo-Style Chicken Wings,15.00,"907 g, $1.65/100g",chicken_turkey,No Frills
World of Flavours Chicken Southern BBQ,22.78,$16.51/1kg $7.49/1lb,chicken_turkey,No Frills
Frozen Stuffed Turkey 5-7 Kg,43.00,"6 kg, $0.72/100g",chicken_turkey,No Frills
Butter Infused Young Turkey - Frozen - 7-9kg,48.00,1 kg,chicken_turkey,No Frills
Chicken Drumsticks,10.00,"754 g, $1.33/100g",chicken_turkey,No Frills
"Turkey, 9-11KG Frozen",58.00,"10 kg, $0.58/100g",chicken_turkey,No Frills
Kosher Chicken Breast Cutlets,25.99,"907 g, $2.87/100g",chicken_turkey,No Frills
"Too Good To Be Wings, Honey Garlic",14.99,"800 g, $1.87/100g",chicken_turkey,No Frills
Kosher Chick Licious Chicken Breast Nuggets,25.99,"907 g, $2.87/100g",chicken_turkey,No Frills
"Fully Cooked, Breaded Chicken Burgers",6.00,"908 g, $0.66/100g",chicken_turkey,No Frills
Chicken Burgers,10.99,"908 g, $1.21/100g",chicken_turkey,No Frills
"Chicken Nuggets, Club Pack",10.99,"1.4 kg, $0.79/100g",chicken_turkey,No Frills
"Chicken Wings, Mild BBQ",12.99,"908 g, $1.43/100g",chicken_turkey,No Frills
"Frozen Grade A Turkey, Whole Over 11 Kg",79.08,$6.59/1kg $2.99/1lb,chicken_turkey,No Frills
Chicken Drumsticks,14.00,"1.575 kg, $0.89/100g",chicken_turkey,No Frills
"Whole Fryer Chicken, 3 Pack",41.18,$10.56/1kg $4.79/1lb,chicken_turkey,No Frills
Easy Carve Turkey with Traditional Cranberry Stuffing,57.99,"3.85 kg, $1.51/100g",chicken_turkey,No Frills
Bone in Skin on Chicken Thighs,14.00,"1.54 kg, $0.91/100g",chicken_turkey,No Frills
Frozen Grade A Turkey 3-5 Kg,30.76,$7.69/1kg $3.49/1lb,chicken_turkey,No Frills
Ground Turkey Raw Extra Lean,2.99,"454 g, $0.66/100g",chicken_turkey,No Frills
"Butter-Infused Stuffed Young Turkey 7-9 KG, Frozen",116.00,$7.25/1kg,chicken_turkey,No Frills
Free From Turkey Thighs,8.24,$13.21/1kg $5.99/1lb,chicken_turkey,No Frills
Halal Stuffed Chicken Mozzarella,10.00,"568 g, $1.76/100g",chicken_turkey,No Frills
"Butter Infused Stuffed Turkey  5-7 Kg, Frozen",43.00,1 kg,chicken_turkey,No Frills
Honey Garlic Chicken Wings,15.00,"907 g, $1.65/100g",chicken_turkey,No Frills
Pub Style Turkey Nuggets,10.99,"600 g, $1.83/100g",chicken_turkey,No Frills
Buttery Buffalo Chicken Wings,14.99,"615 g, $2.44/100g",chicken_turkey,No Frills
"Chicken Flatened Portugese, Piri- Piri",23.94,$16.51/1kg,chicken_turkey,No Frills
Bone in Chicken Thighs,10.00,"870 g, $1.15/100g",chicken_turkey,No Frills
Crispy Southern Style Chicken,18.99,"1 kg, $1.90/100g",chicken_turkey,No Frills
Grade A Fresh Turkey 9-11 Kg,70.30,$7.03/1kg $3.19/1lb,chicken_turkey,No Frills
Breaded Chicken Burger,10.00,"1.5 kg, $0.67/100g",chicken_turkey,No Frills
Halal Frozen Turkey,44.48,$8.36/1kg $3.79/1lb,chicken_turkey,No Frills
Salt & Pepper Chicken Wings,12.99,"908 g, $1.43/100g",chicken_turkey,No Frills
Kosher Teddy Bites Chicken Breast Nuggets,25.99,"907 g, $28.65/1kg $2.87/100g",chicken_turkey,No Frills
"Chicken Wings, Medium BBQ",12.99,"908 g, $1.43/100g",chicken_turkey,No Frills
"Whole Turkey, Frozen",63.62,$13.21/1kg $5.99/1lb,chicken_turkey,No Frills
"Butter-Infused Stuffed Turkey Crown, Frozen",38.99,"3 kg, $1.30/100g",chicken_turkey,No Frills
"Frozen Utility Turkey, 5-7kg",41.45,$6.59/1kg $2.99/1lb,chicken_turkey,No Frills
Supreme Crunch Halal Spicy Chicken Drumsticks,11.99,"720 g, $1.67/100g",chicken_turkey,No Frills
"Boneless Turkey Breast Roast, Frozen ",24.99,"1.5 kg, $1.67/100g",chicken_turkey,No Frills
"Chicken Drumsticks, Halal",9.00,"840 g, $1.07/100g",chicken_turkey,No Frills
"Turkey Breast Roast with Traditional Cranberry Stuffing, Frozen",18.99,"1 kg, $1.90/100g",chicken_turkey,No Frills
Frozen Grade A Turkey 9-11 Kg,76.90,$7.69/1kg $3.49/1lb,chicken_turkey,No Frills
Kosher Dinosaur Shape Chicken Breast Cutlets,25.99,"907 g, $2.87/100g",chicken_turkey,No Frills
Free From Boneless Skinless Turkey Breast,9.39,$25.33/1kg $11.49/1lb,chicken_turkey,No Frills
Free From Turkey Breast Fillet,7.94,$26.43/1kg $11.99/1lb,chicken_turkey,No Frills
"Frozen Turkey, 3-5 Kg",28.00,"4 kg, $0.70/100g",chicken_turkey,No Frills
"Butter Infused Young Turkey, Frozen  9-11kg",58.00,1 ea,chicken_turkey,No Frills
Honey Garlic Wings,14.99,"615 g, $2.44/100g",chicken_turkey,No Frills
Turkey Strips,10.99,"600 g, $1.83/100g",chicken_turkey,No Frills
Salt & Cracked Pepper Chicken Wings,14.99,"615 g, $2.44/100g",chicken_turkey,No Frills
Split Chicken Wings,13.00,"720 g, $1.81/100g",chicken_turkey,No Frills
Gochujang Sweet & Spicy Chicken Bites,11.99,"700 g, $1.71/100g",chicken_turkey,No Frills
Frozen Stuffed Turkey 7-9 Kg,53.00,"8 kg, $0.66/100g",chicken_turkey,No Frills
Boneless Skinless Chicken Breast Fillets,10.00,"0.35 kg, $2.86/100g",chicken_turkey,No Frills
Free From Lean Ground Pork,5.99,"454 g, $1.32/100g",pork_ham,No Frills
"Fully Cooked Pork Back Ribs, Smokin Stampede",12.00,"500 g, $2.40/100g",pork_ham,No Frills
Original Half Ham,15.99,"700 g, $2.28/100g",pork_ham,No Frills
"Medium Ground Pork, Club Pack",18.04,$11.00/1kg $4.99/1lb,pork_ham,No Frills
Ground Pork,10.00,"750 g, $1.33/100g",pork_ham,No Frills
Premium Lean Hickory Smoked Ham Steak,7.99,"454 g, $1.76/100g",pork_ham,No Frills
Smokin Stampede Pork Back Ribs Frozen,13.99,"680 g, $2.06/100g",pork_ham,No Frills
Honey Barbecue Pork Back Ribs,13.99,"680 g, $2.06/100g",pork_ham,No Frills
Dry-Rubbed Sea Salt & Black Pepper Pork Back Ribs,13.99,"680 g, $2.06/100g",pork_ham,No Frills
Carolina Gold Sauce Pork Back Ribs,12.00,"500 g, $2.40/100g",pork_ham,No Frills
BBQ Pork Ribs,14.99,"600 g, $2.50/100g",pork_ham,No Frills
97% Fat Free Lower Sodium Smoked Ham,15.99,"700 g, $2.28/100g",pork_ham,No Frills
Pork Combo Chops,17.29,$11.00/1kg $4.99/1lb,pork_ham,No Frills
Pork Back Ribs Frozen,26.95,$13.21/1kg $5.99/1lb,pork_ham,No Frills
Side Rib,12.91,$9.90/1kg $4.49/1lb,pork_ham,No Frills
Frozen Pork Back Ribs,28.14,$11.00/1kg $4.99/1lb,pork_ham,No Frills
Montana's Texan BBQ Ribs,13.99,"650 g, $2.15/100g",pork_ham,No Frills
Pork Half Loin,26.40,$8.80/1kg $3.99/1lb,pork_ham,No Frills
Smoked Pork Picnic Shoulder,22.74,$7.70/1kg $3.49/1lb,pork_ham,No Frills
Cook's Whole Smoked Picnic Ham,45.29,$10.34/1kg $4.69/1lb,pork_ham,No Frills
"Free From Pork Side Ribs Sweet & Sour, Tray Pack",26.61,$17.62/1kg $7.99/1lb,pork_ham,No Frills
Pork Liver,9.44,$14.30/1kg $6.49/1lb,pork_ham,No Frills
Frozen Pork Bone-In Half Loin Bagged,33.00,$8.80/1kg $3.99/1lb,pork_ham,No Frills
Pork Tenderloin Spinach & Feta Cheese,12.49,"500 g, $2.50/100g",pork_ham,No Frills
BBQ Pork Back Rib,11.00,"680 g, $1.62/100g",pork_ham,No Frills
Sous Vide Fully Cooked Hand Cut Pork Back Ribs In Texas Style Bbq Sauce,11.00,"680 g, $1.62/100g",pork_ham,No Frills
Boneless Smoked Ham,19.99,"1500 g, $1.33/100g",pork_ham,No Frills
Sliced Smoked Halal Chicken Breast Roast,4.99,"200 g, $2.50/100g",pork_ham,No Frills
Pork Side Rib Portion ,10.61,$5.49/1kg $2.49/1lb,pork_ham,No Frills
Fully Cooked Ham,13.00,"800 g, $1.63/100g",pork_ham,No Frills
Honey Ham,19.00,"1.3 kg, $1.46/100g",pork_ham,No Frills
Black Forest Ham,19.00,"1.3 kg, $1.46/100g",pork_ham,No Frills
Sous Vide Fully Cooked Pork Back Ribs In Honey & Garlic Bbq Sauce,11.00,"680 g, $1.62/100g",pork_ham,No Frills
Sliced Cooked Chicken Breast Roast,4.99,"200 g, $2.50/100g",pork_ham,No Frills
Pork Tenderloin Herbs & Parmesan Cheese,12.49,"500 g, $2.50/100g",pork_ham,No Frills
Cook's Portion Ham,36.17,$8.80/1kg $3.99/1lb,pork_ham,No Frills
"Pork Back Ribs, Honey Garlic",14.99,"600 g, $2.50/100g",pork_ham,No Frills
Pork Back Ribs,33.79,$15.40/1kg $6.99/1lb,pork_ham,No Frills
Hickory Smoked Classic Cut Bacon,9.99,"375 g, $2.66/100g",bacon,No Frills
Hickory Smoked 50% Less Salt Bacon,9.99,"375 g, $2.66/100g",bacon,No Frills
Bacon,6.99,"500 g, $1.40/100g",bacon,No Frills
Old-Fashioned Style Bacon,16.99,"1 kg, $1.70/100g",bacon,No Frills
Reduced Salt Bacon  ,6.99,"500 g, $1.40/100g",bacon,No Frills
Original Natural Bacon,8.99,"375 g, $2.40/100g",bacon,No Frills
Mild Sugar-Cured Bacon,8.00,"500 g, $1.60/100g",bacon,No Frills
Smokehouse Bacon,4.49,"500 g, $0.90/100g",bacon,No Frills
Free From Bacon Naturally Smoked,7.49,"0.375 kg, $2.00/100g",bacon,No Frills
Ready Crisp Fully Cooked Natural Bacon Slices,6.00,"65 g, $9.23/100g",bacon,No Frills
"Turkey, Bacon Style",6.99,"375 g, $1.86/100g",bacon,No Frills
"Bacon, Mild Sugar Cured with Reduced Salt, Uncooked",8.00,"500 g, $1.60/100g",bacon,No Frills
Lazy Maple Natural Bacon,8.99,"375 g, $2.40/100g",bacon,No Frills
Maple Flavoured Naturally Smoked Bacon,7.49,"500 g, $1.50/100g",bacon,No Frills
Free From Bacon Style Turkey,7.99,"300 g, $2.66/100g",bacon,No Frills
Chicken Bacon-Style,6.99,"375 g, $1.86/100g",bacon,No Frills
Dry Cured Bacon,8.99,"500 g, $1.80/100g",bacon,No Frills
Free From Naturally Smoked Fully Cooked Bacon,7.49,"65 g, $11.52/100g",bacon,No Frills
Applewood Smoked Bacon,7.99,"375 g, $2.13/100g",bacon,No Frills
Chicken Breakfast Strips,5.99,"375 g, $1.60/100g",bacon,No Frills
Free From Naturally Smoked Fully Cooked Thick Sliced Bacon,7.49,"65 g, $11.52/100g",bacon,No Frills
Smoky Bonfire Double-Smoked Bacon,7.99,"375 g, $2.13/100g",bacon,No Frills
Sliced Back Bacon,8.49,"250 g, $3.40/100g",bacon,No Frills
Wiltshire Bacon Rashers,7.99,"250 g, $3.20/100g",bacon,No Frills
Sweet Ghost Pepper Bacon,7.99,"375 g, $2.13/100g",bacon,No Frills
"Free From Bacon Pieces, Fully Cooked",7.49,"85 g, $8.81/100g",bacon,No Frills
Applewood Bacon,14.99,"500 g, $3.00/100g",bacon,No Frills
Family Pack Bacon,28.49,"4x375.0 g, $1.90/100g",bacon,No Frills
Juicy Jumbos All Beef Hot Dogs,9.99,"375 g, $2.66/100g",hotdogs,No Frills
Original Hot Dogs,5.00,"450 g, $1.11/100g",hotdogs,No Frills
Natural Top Dogs Original Hot Dogs,2.99,"375 g, $0.80/100g",hotdogs,No Frills
Chicken Hot Dogs,3.00,"450 g, $0.67/100g",hotdogs,No Frills
Chicken Wiener,1.99,"450 g, $0.44/100g",hotdogs,No Frills
All Beef Hot Dogs,8.49,"375 g, $2.26/100g",hotdogs,No Frills
Natural Top Dogs BBQ Hot Dogs,2.99,"375 g, $0.80/100g",hotdogs,No Frills
Smoked Wieners,9.99,"675 g, $1.48/100g",hotdogs,No Frills
Chicken Wieners Original,1.99,"450 g, $0.44/100g",hotdogs,No Frills
Hot Dogs Chicken Club Pack,8.00,"1.5 kg, $0.53/100g",hotdogs,No Frills
Natural Top Dogs Less Salt Hot Dogs,2.99,"375 g, $0.80/100g",hotdogs,No Frills
All-Beef Wieners,7.00,"450 g, $1.56/100g",hotdogs,No Frills
"Naturally Smoked Wieners, All Beef",9.99,"675 g, $1.48/100g",hotdogs,No Frills
Juicy Jumbos Original Hot Dogs Family Pack,13.49,"900 g, $1.50/100g",hotdogs,No Frills
Classic Street Cart Sausages™,7.00,"500 g, $1.40/100g",hotdogs,No Frills
"Natural Top Dogs Original Hot Dogs, Family Size",12.49,"900 g, $1.39/100g",hotdogs,No Frills
Turkey Franks,4.99,"450 g, $1.11/100g",hotdogs,No Frills
Street Cart Sausages™ Cheddar Cheese,7.00,"500 g, $1.40/100g",hotdogs,No Frills
Classic Hot Dogs,2.99,"375 g, $0.80/100g",hotdogs,No Frills
Cheddar Hot Dogs,2.99,"375 g, $0.80/100g",hotdogs,No Frills
"Ultimate Chicken Wiener, Spicy",6.99,"900 g, $0.78/100g",hotdogs,No Frills
"Halal Hot Dog, Supreme",7.99,"900 g, $0.89/100g",hotdogs,No Frills
Jumbo Smoked Wieners ,9.00,"675 g, $1.33/100g",hotdogs,No Frills
Spicy Supreme Chicken Frankfurters,7.99,"900 g, $0.89/100g",hotdogs,No Frills
Kosher All Beef Cocktail Frankfurter,10.99,"450 g, $2.44/100g",hotdogs,No Frills
"Chicken Stix, Fully Cooked",10.49,"300 g, $3.50/100g",hotdogs,No Frills
Kosher Wieners,9.99,"375 g, $2.66/100g",hotdogs,No Frills
Kosher All Beef Frankfurter,10.99,"450 g, $2.44/100g",hotdogs,No Frills
Kosher All Beef Frankfurter    ,10.99,"450 g, $2.44/100g",hotdogs,No Frills
Kosher Frankfurter Chicken Hot Dogs,7.49,"450 g, $1.66/100g",hotdogs,No Frills
Boneless Skinless Chicken Breast,27.00,"1.505 kg, $1.79/100g",HalalMeat,No Frills
Boneless Skinless Chicken Breast,15.00,"645 g, $2.33/100g",HalalMeat,No Frills
Chicken Wieners Original,1.99,"450 g, $0.44/100g",HalalMeat,No Frills
Bone in Skin on Chicken Thighs,9.00,"840 g, $1.07/100g",HalalMeat,No Frills
Bone in Skin on Chicken Thighs,14.00,"1.54 kg, $0.91/100g",HalalMeat,No Frills
Extra Lean Ground Chicken ,8.00,"454 g, $1.76/100g",HalalMeat,No Frills
"Chicken Drumsticks, Halal",9.00,"840 g, $1.07/100g",HalalMeat,No Frills
Chicken Drumsticks,14.00,"1.575 kg, $0.89/100g",HalalMeat,No Frills
Skin-on Chicken Legs,10.00,"1.28 kg, $0.78/100g",HalalMeat,No Frills
Boneless Skinless Chicken Breast,19.00,"1.075 kg, $1.77/100g",HalalMeat,No Frills
Chicken Bologna,4.99,"375 g, $13.31/1kg $1.33/100g",HalalMeat,No Frills
Halal Whole Chicken,13.00,"1.55 kg, $0.84/100g",HalalMeat,No Frills
Halal Lean Ground Beef,9.94,$16.51/1kg $7.49/1lb,HalalMeat,No Frills
Chicken Breakfast Strips,5.99,"375 g, $1.60/100g",HalalMeat,No Frills
Free From Australian Lean Ground Lamb,13.99,"454 g, $3.08/100g",HalalMeat,No Frills
"Halal Chicken Wings, Club Pack",24.00,"2 kg, $1.20/100g",HalalMeat,No Frills
Halal Chicken Nuggets,10.00,"840 g, $1.19/100g",HalalMeat,No Frills
Lean Beef,8.00,"454 g, $1.76/100g",HalalMeat,No Frills
Halal Breaded Chicken Burgers,10.00,"828 g, $1.21/100g",HalalMeat,No Frills
"Halal Hot Dog, Supreme",7.99,"900 g, $0.89/100g",HalalMeat,No Frills
Sliced Smoked Halal Chicken Breast Roast,4.99,"200 g, $2.50/100g",HalalMeat,No Frills
Halal Chicken Strips,10.00,"840 g, $1.19/100g",HalalMeat,No Frills
Chicken Breast Nuggets,12.99,"800 g, $1.62/100g",HalalMeat,No Frills
Free From Australian Lamb Boneless Leg ,33.44,$24.23/1kg $10.99/1lb,HalalMeat,No Frills
Spicy Supreme Chicken Frankfurters,7.99,"900 g, $0.89/100g",HalalMeat,No Frills
Sliced Cooked Chicken Breast Roast,4.99,"200 g, $2.50/100g",HalalMeat,No Frills
Chicken Breast Strips,12.99,"800 g, $1.62/100g",HalalMeat,No Frills
Free From Rosemary and Garlic Australian Lamb,24.50,$29.74/1kg $13.49/1lb,HalalMeat,No Frills
Halal Sliced Chicken Bologna,6.49,"500 g, $1.30/100g",HalalMeat,No Frills
Breaded Chicken Burgers,12.99,"800 g, $1.62/100g",HalalMeat,No Frills
Chicken Burgers,10.99,"908 g, $1.21/100g",HalalMeat,No Frills
Free From Australian Lamb Shanks,23.79,$20.92/1kg $9.49/1lb,HalalMeat,No Frills
Halal Stewing Beef,13.22,$26.43/1kg $11.99/1lb,HalalMeat,No Frills
Halal Gf Strip Loin Steak,9.92,$39.66/1kg $17.99/1lb,HalalMeat,No Frills
Halal Stuffed Chicken Mozzarella,10.00,"568 g, $1.76/100g",HalalMeat,No Frills
Spicy Italian Fully-Cooked Sausages,6.99,"375 g, $1.86/100g",HalalMeat,No Frills
Chicken Sausages,6.99,"375 g, $1.86/100g",HalalMeat,No Frills
Frozen Popcorn Chicken,12.99,"800 g, $1.62/100g",HalalMeat,No Frills
Free From Short Cut Leg Australian Lamb,60.78,$22.02/1kg $9.99/1lb,HalalMeat,No Frills
Bone in Lamb Stew,29.49,"1.25 kg, $2.36/100g",HalalMeat,No Frills
Lamb Rack Frenched Frozen,25.54,$52.89/1kg $24.00/1lb,HalalMeat,No Frills
Halal Barbeque Chicken Wings,17.99,"908 g, $1.98/100g",HalalMeat,No Frills
Frozen Chicken Fries,12.99,"800 g, $1.62/100g",HalalMeat,No Frills
Buffalo Wings Spicy,17.99,"908 g, $1.98/100g",HalalMeat,No Frills
Top Sirloin Steak,33.05,$33.05/1kg,HalalMeat,No Frills
Goat Stew Bone In,23.99,"1 kg, $2.40/100g",HalalMeat,No Frills
Whole Lamb Shoulder Chop,49.44,$22.02/1kg $9.99/1lb,HalalMeat,No Frills
"Free From Halal Fresh Lamb Shoulder, Square Cut",89.70,$72.73/1kg $33.00/1lb,HalalMeat,No Frills
Free From Australian Lamb Frenched Rack,34.38,$57.30/1kg $26.00/1lb,HalalMeat,No Frills
Lamb Shoulder Chops,20.91,$28.64/1kg $12.99/1lb,HalalMeat,No Frills
Halal Beef Burgers,16.99,"907 g, $1.87/100g",HalalMeat,No Frills
Halal Frozen Turkey,44.48,$8.36/1kg $3.79/1lb,HalalMeat,No Frills
Supreme Crunch Halal Spicy Chicken Drumsticks,11.99,"720 g, $1.67/100g",HalalMeat,No Frills
"Veggie Hot Dogs, Family Pack",6.49,"450 g, $1.44/100g",plantBasedMeat,No Frills
Veggie Ham Slices,4.79,"155 g, $3.09/100g",plantBasedMeat,No Frills
"Veggie Ground Round, Original",6.49,"340 g, $1.91/100g",plantBasedMeat,No Frills
Veggie Turkey Slices,4.79,"155 g, $3.09/100g",plantBasedMeat,No Frills
Good Veggie Burger,6.49,"300 g, $2.16/100g",plantBasedMeat,No Frills
"Ground Round, Club Pack",16.49,"1248 g, $1.32/100g",plantBasedMeat,No Frills
Plant -Based Egg,10.49,"500 g, $2.10/100g",plantBasedMeat,No Frills
Original Organic Plant-Based Tempeh,5.99,"227 g, $2.64/100g",plantBasedMeat,No Frills
"Veggie Ground Round, Italian",6.49,"340 g, $1.91/100g",plantBasedMeat,No Frills
Original Veggie Patty,6.49,"400 g, $1.62/100g",plantBasedMeat,No Frills
Veggie Sausages Mediterranean Harissa,8.49,"400 g, $2.12/100g",plantBasedMeat,No Frills
King Crab Flavoured Wild Alaska Pollock & Wild Pacific Whiting,3.79,"227 g, $1.67/100g",fish,No Frills
"Golden Pompano Fish, Frozen",7.51,$9.90/1kg $4.49/1lb,fish,No Frills
Basa Fillets,4.00,"400 g, $1.00/100g",fish,No Frills
Leg-style King Crab Flavoured Wild Alaska Pollock & Wild Pacific Whiting,3.79,"227 g, $1.67/100g",fish,No Frills
$10 Basa Fillets,10.00,"908 g, $1.10/100g",fish,No Frills
Tilapia,9.99,"1.36 kg, $0.73/100g",fish,No Frills
Lobster Flavoured Wild Alaska Pollock Chunks,3.79,"227 g, $1.67/100g",fish,No Frills
Tilapia Fillets,6.00,"400 g, $1.50/100g",fish,No Frills
Wild Pacific Cod Fillets Uncooked,8.99,"680 g, $1.32/100g",fish,No Frills
"Tilapia, Frozen",8.67,$8.58/1kg $3.89/1lb,fish,No Frills
Crab Flakes,6.99,"454 g, $1.54/100g",fish,No Frills
"Tuna Steak, Frozen Yellow Fin",3.49,"92 g, $3.79/100g",fish,No Frills
Crab Leg Style,6.99,"454 g, $1.54/100g",fish,No Frills
Anchovy Paste,3.29,"60 g, $5.48/100g",fish,No Frills
Frozen Basa Fillets,8.99,"680 g, $1.32/100g",fish,No Frills
Flat Fillets of Anchovies,4.99,"50 g, $4.99/50g",fish,No Frills
Tilapia Fillets Club Size ,13.00,"1 kg, $1.30/100g",fish,No Frills
Skinless Boneless Pollock Fillets,10.00,"800 g, $1.25/100g",fish,No Frills
"Boned Cod Fillets, Salted",15.99,"454 g, $3.52/100g",fish,No Frills
Wild Haddock Fillets Club Size ,15.00,"1 kg, $1.50/100g",fish,No Frills
Salmon & Haddock Fish Cake,7.99,"290 g, $2.76/100g",fish,No Frills
Premium Breaded Natural Shaped Fish Fillets,10.99,"390 g, $2.82/100g",fish,No Frills
Wild Sole Fillets Club Size,14.00,"1 kg, $1.40/100g",fish,No Frills
Cod Loins,12.99,"400 g, $3.25/100g",fish,No Frills
Smoked Atlantic Salmon Pre-Sliced Fillets,33.99,"300 g, $11.33/100g",fish,No Frills
Smoked Atlantic Salmon Pre-Sliced Fillets,8.99,"80 g, $11.24/100g",fish,No Frills
Previously Frozen Basa Fillet,6.74,$17.61/1kg $7.99/1lb,fish,No Frills
Premium Breaded Fish Nuggets,10.99,"390 g, $2.82/100g",fish,No Frills
Tilapia Fillets,6.99,"454 g, $1.54/100g",fish,No Frills
Pollock Fillets,8.99,"400 g, $2.25/100g",fish,No Frills
Breaded Fish Sticks,9.49,"397 g, $2.39/100g",fish,No Frills
Smoked Atlantic Salmon Pre-Sliced Fillets,18.99,"180 g, $10.55/100g",fish,No Frills
Seafood Basa Portion,2.99,"200 g, $1.50/100g",fish,No Frills
Galunggong Wild Caught Round Scad,6.99,"500 g, $1.40/100g",fish,No Frills
Frozen Silverside Smelts,5.99,"454 g, $1.32/100g",fish,No Frills
Pink Salmon Fillets,7.00,"400 g, $1.75/100g",salmon,No Frills
Salmon,10.00,"700 g, $1.43/100g",salmon,No Frills
Pink Salmon,8.99,"400 g, $2.25/100g",salmon,No Frills
Fresh Salmon,22.85,$30.84/1kg $13.99/1lb,salmon,No Frills
Skin-On Boneless Wild Pink Salmon Portions,10.00,"650 g, $1.54/100g",salmon,No Frills
Pink Salmon Fillets,15.00,"1 kg, $1.50/100g",salmon,No Frills
Frozen Steelhead Trout Fillets,11.36,$22.05/1kg $10.00/1lb,salmon,No Frills
"Whole Wild Pink Salmon, Frozen",13.07,$9.90/1kg $4.49/1lb,salmon,No Frills
"Steelhead Trout Fillet, Tray Pack",13.65,$41.87/1kg $19.00/1lb,salmon,No Frills
Fresh Sockeye Salmon Fillet,15.91,$41.87/1kg $19.00/1lb,salmon,No Frills
"Atlantic Salmon Fillet, Tray Pack",8.46,$41.87/1kg $19.00/1lb,salmon,No Frills
Atlantic Salmon Steak Tray Pack,8.71,$35.25/1kg $15.99/1lb,salmon,No Frills
Fresh Wild Chum Salmon Fillets,12.57,$30.80/1kg $13.97/1lb,salmon,No Frills
"Coho Salmon Fillet, Skin On",30.10,$27.54/1kg $12.50/1lb,salmon,No Frills
"Atlantic Salmon Fillet, Tray Pack",26.67,$37.46/1kg $17.00/1lb,salmon,No Frills
"Sockeye Salmon Fillet Previously Frozen, Tray Pack",6.44,$41.84/1kg $18.98/1lb,salmon,No Frills
Pink Salmon Portions,16.99,"454 g, $3.74/100g",salmon,No Frills
Fresh Atlantic Salmon Steaks,6.32,$21.80/1kg $9.89/1lb,salmon,No Frills
Fresh Atlantic Salmon Portions,8.02,$30.84/1kg $13.99/1lb,salmon,No Frills
"Pacific White Shrimp Raw Peeled, Large",9.99,"400 g, $2.50/100g",shrimp,No Frills
Pacific White Shrimp Cooked Peeled,9.99,"400 g, $2.50/100g",shrimp,No Frills
Pacific White Shrimp Raw 16-20/LB,7.79,"300 g, $2.60/100g",shrimp,No Frills
Go Cooked White Shrimp 61/90,3.99,"160 g, $2.49/100g",shrimp,No Frills
Tom Kha Butterflied Black Tiger Shrimp,15.00,"360 g, $4.17/100g",shrimp,No Frills
"Cooked Shrimp, 36/45",5.99,"300 g, $2.00/100g",shrimp,No Frills
Go Raw White Shrimp 51/70,3.99,"160 g, $2.49/100g",shrimp,No Frills
Pacific White Shrimp,5.99,"300 g, $2.00/100g",shrimp,No Frills
Sweet & Smoky Barbecue Butterflied Black Tiger Shrimp ,15.00,"360 g, $4.17/100g",shrimp,No Frills
Salad Shrimp,9.99,"454 g, $2.20/100g",shrimp,No Frills
Thai Basil Shrimp Spring Rolls,9.99,"294 g, $3.40/100g",shrimp,No Frills
Mango & Calamansi Citrus Grilling Raw Shrimp Skewers,11.99,"360 g, $3.33/100g",shrimp,No Frills
"Raw Wild Shrimp, Easy Peel",9.99,"300 g, $3.33/100g",shrimp,No Frills
Raw Shrimp,11.99,"340 g, $3.53/100g",shrimp,No Frills
Whole Breaded Popcorn Shrimp ,10.00,"800 g, $1.25/100g",shrimp,No Frills
Shrimp Ring,6.99,"227 g, $3.08/100g",shrimp,No Frills
Crispy Shrimp Fine Hors D'Oeuvre Trio,12.99,"528 g, $2.46/100g",shrimp,No Frills
Pacific White Shrimp Platter with Mild Cocktail Sauce,19.99,"568 g, $3.52/100g",shrimp,No Frills
Herb & Garlic Marinated Mussels ,4.99,"250 ml, $2.00/100g",shrimp,No Frills
Select Shrimp Herb & Garlic Marinated ,7.99,"212 g, $3.20/100ml",shrimp,No Frills
Select Seafood Salad Marinated   ,7.99,"212 g, $3.20/100ml",shrimp,No Frills
Select Shrimp Spicy Jalapeño Marinated,7.99,"250 ml, $3.20/100ml",shrimp,No Frills
Thick Slices Bread,3.99,"675 g, $0.59/100g",bread,No Frills
White Baguette,0.99,"255 g, $0.39/100g",bread,No Frills
14 Grains Bread,3.99,"600 g, $0.67/100g",bread,No Frills
100% Whole Wheat Bread,1.99,"520 g, $0.38/100g",bread,No Frills
Original Bread,1.99,"520 g, $0.38/100g",bread,No Frills
Ancient Grains & Red Fife Bread,3.99,"600 g, $0.67/100g",bread,No Frills
Thick Slice Bread 100% Whole Wheat ,3.99,"675 g, $0.59/100g",bread,No Frills
Protein Bread,3.99,"600 g, $0.67/100g",bread,No Frills
Cinnamon Raisin Bread,3.99,"600 g, $0.67/100g",bread,No Frills
Sourdough Sliced Miche,4.99,"800 g, $0.62/100g",bread,No Frills
White Bread,3.69,"570 g, $0.65/100g",bread,No Frills
100% Whole Wheat Bread,3.79,"675 g, $0.56/100g",bread,No Frills
Stone Milled Whole Wheat Bread,3.99,"600 g, $0.67/100g",bread,No Frills
White Miche Sliced,4.99,"800 g, $0.62/100g",bread,No Frills
Quinoa Flax Bread,3.99,"600 g, $0.67/100g",bread,No Frills
Whole Grains Bread No Sugar Added,3.99,"600 g, $0.67/100g",bread,No Frills
Everything Bread,3.99,"600 g, $0.67/100g",bread,No Frills
Whole Wheat Bread,3.69,"570 g, $0.65/100g",bread,No Frills
Whole Wheat Baguette,0.99,"255 g, $0.39/100g",bread,No Frills
"Bread, White + Fibre",3.69,"570 g, $0.65/100g",bread,No Frills
Garlic Bread,2.99,"330 g, $0.91/100g",bread,No Frills
Thick Sliced Brioche-Style Loaf,3.99,"620 g, $0.64/100g",bread,No Frills
Sourdough Loaf,3.99,"650 g, $0.61/100g",bread,No Frills
Sliced Brioche Bread,6.49,"500 g, $1.30/100g",bread,No Frills
Ready to Bake Garlic Toast,3.50,"638 g, $0.55/100g",bread,No Frills
Bread Original Swedish Style Light Rye,4.79,"680 g, $0.70/100g",bread,No Frills
Brioche Loaf,5.99,"400 g, $1.50/100g",bread,No Frills
Multigrain Miche Sliced,4.99,"600 g, $0.83/100g",bread,No Frills
Oliver's Ciabatta Baguette,4.29,"400 g, $1.07/100g",bread,No Frills
Garlic Toast,4.49,"555 g, $0.81/100g",bread,No Frills
Multigrain Loaf,7.99,"480 g, $1.66/100g",bread,No Frills
Cinnamon Raisin Bread Extra Thick,5.49,"675 g, $0.81/100g",bread,No Frills
Kosher Raisin Challah Bread,4.39,"708x708.0 g, $0.62/100g",bread,No Frills
Bread Cinnamon Raisin Gluten Free,7.99,"550 g, $1.45/100g",bread,No Frills
Ready Bake Garlic Bread,2.59,"284 g, $0.91/100g",bread,No Frills
Oliver's French Whole Wheat Bread,3.99,"400 g, $1.00/100g",bread,No Frills
Ready Bake Garlic Toast Texas-Style Bread,5.29,"16x40.0 g, $0.83/100g",bread,No Frills
Demi Baguette BYO,6.79,"400 g, $1.70/100g",bread,No Frills
Ready to bake - All-Butter Croissants,5.99,"312 g, $1.92/100g",bread,No Frills
"French Bread, Whole Wheat",6.59,"900 g, $0.73/100g",bread,No Frills
Rosemary Focaccia Triangle,6.99,"800 g, $0.87/100g",bread,No Frills
Bakery Bread Rye,3.79,"570 g, $0.76/100g",bread,No Frills
"Signature Hamburger Gold Buns, 8 Pack",5.49,"528 g, $1.04/100g",bread,No Frills
Cinnamon & Raisin Bread,8.49,"482 g, $1.76/100g",bread,No Frills
Oliver's Peasant Bread,6.29,"800 g, $0.79/100g",bread,No Frills
Ciabatta Demi ,3.79,"450 g, $0.84/100g",bread,No Frills
Challah,6.19,"440 g, $1.41/100g",bread,No Frills
Light Rye Bread,3.49,"500 g, $0.70/100g",bread,No Frills
Frozen Bread Dough White,10.99,"445 g, $2.47/100g",bread,No Frills
Sesame Bread Thick Sliced,3.99,"675 g, $0.59/100g",bread,No Frills
Garlic Bread,3.49,"325 g, $1.07/100g",bread,No Frills
Bao Buns Ready To Steam,3.99,"300 g, $1.33/100g",bread,No Frills
Ready To Bake All Butter Pains Au Chocolat,5.99,"320 g, $1.87/100g",bread,No Frills
Yorkshire Pudding,5.49,"185 g, $2.97/100g",bread,No Frills
Light Rye Bread,4.00,"900 g, $0.44/100g",bread,No Frills
Artesano™ Original White Bread,4.29,"540 g, $0.79/100g",bread,No Frills
White Oval,3.79,"454 g, $0.83/100g",bread,No Frills
À L’Européenne Light Rye Loaf,5.49,"480 g, $1.14/100g",bread,No Frills
Challah Bread Round,4.19,"708 g, $0.59/100g",bread,No Frills
Holzofen Bread,8.49,"1.36 kg, $0.62/100g",bread,No Frills
Seeds & Grains Bread,8.49,"482 g, $1.76/100g",bread,No Frills
Oliver's French Sourdough Bread,4.29,"400 g, $1.07/100g",bread,No Frills
"Texas Toast Bread, 100% Whole Wheat",3.69,"570 g, $0.65/100g",bread,No Frills
Kosher Challah Bread ,3.59,"708 g, $0.51/100g",bread,No Frills
Multigrain Rye Loaf Bread,5.49,"480 g, $1.14/100g",bread,No Frills
Ready Bake Garlic Parmesan Toast Texas-Style Bread,5.29,"16x40.0 g, $0.83/100g",bread,No Frills
Ready To Bake All-Butter Raspberry-Filled Croissants ,5.99,"360 g, $1.66/100g",bread,No Frills
"Sprouted Organic Ancient Grains, Big Red's Bread",5.99,"510 g, $1.17/100g",bread,No Frills
Semi Baguette,5.89,"520 g, $1.13/100g",bread,No Frills
Roasted Garlic Oval,3.79,"398 g, $0.95/100g",bread,No Frills
Bread U.F. Oat,7.99,"544 g, $1.47/100g",bread,No Frills
Sweet Challah,7.79,"520 g, $1.50/100g",bread,No Frills
Classico Italian Style Thick Slice White Bread,4.29,"510 g, $0.84/100g",bread,No Frills
Kosher Whole Wheat Challah R   ,6.19,"708 g, $0.87/100g",bread,No Frills
100% Whole Wheat Loaf,4.79,"450 g, $1.06/100g",bread,No Frills
Bread White Sourdough,6.99,"800 g, $0.87/100g",bread,No Frills
Prebiotic Multigrain Bread,3.49,"10x454.0 g, $0.77/100g",bread,No Frills
Bread Whole Grain Gluten Free,8.99,"567 g, $1.59/100g",bread,No Frills
Millet & Chia Bread,8.49,"454 g, $1.87/100g",bread,No Frills
Baguette,2.99,"250 g, $1.20/100g",bread,No Frills
Seeds and Grains Bread,3.99,"600 g, $0.67/100g",bread,No Frills
"Italian Tipo ""OO"" Flour Pizza Dough",2.99,"560 g, $0.53/100g",bread,No Frills
100% Whole Grains Multigrain Bread,4.69,"600 g, $0.78/100g",bread,No Frills
White Texas Sandwich Bread,3.69,"570 g, $0.65/100g",bread,No Frills
Thin Sliced Whole Wheat Sandwich,3.69,"570 g, $0.65/100g",bread,No Frills
Delicious Gluten Free Loaf White Wide Slice,8.99,"567 g, $1.59/100g",bread,No Frills
Thin Sliced White Sandwich Bread,3.69,"570 g, $0.65/100g",bread,No Frills
Sweet Hawaiian Wide Slice,8.99,"539 g, $1.67/100g",bread,No Frills
Bread 100% Whole Grains Ancient Grains with Quinoa ,4.69,"600 g, $0.78/100g",bread,No Frills
Squirrelly Bread,6.49,"600 g, $1.08/100g",bread,No Frills
Oliver's Mountain Bread,4.99,"600 g, $0.83/100g",bread,No Frills
White Bread,3.79,"570 g, $0.66/100g",bread,No Frills
Bread Mini Multigrain,3.99,"400 g, $1.00/100g",bread,No Frills
White Baguette,3.79,"326 g, $1.16/100g",bread,No Frills
Bread Brizzolio Extra Soft Thick Slice,3.99,"600 g, $0.67/100g",bread,No Frills
Cranberry & Oats Loaf,3.99,"600 g, $0.66/100g",bread,No Frills
Gourmet West Coast Dark Roast Fine Grind Coffee,15.99,"875 g, $1.83/100g",coffee,No Frills
Classic Roast Ground Coffee,9.99,"816 g, $1.22/100g",coffee,No Frills
The Great Canadian Light to Medium Roast Fine Grind Coffee,15.99,"930 g, $1.72/100g",coffee,No Frills
Rich Instant Coffee,6.79,"170 g, $3.99/100g",coffee,No Frills
Gourmet Medium Roast Extra Fine Grind Coffee,15.99,"930 g, $1.72/100g",coffee,No Frills
Gourmet Medium Roast Regular Grind Coffee ,15.99,"930 g, $1.72/100g",coffee,No Frills
Gourmet West Coast Dark Roast™ Whole Bean Coffee,15.99,"907 g, $1.76/100g",coffee,No Frills
Original Coffee,9.99,"300 g, $3.33/100g",coffee,No Frills
Pure Ground Coffee Rich Dark Roast,10.99,"900 g, $1.22/100g",coffee,No Frills
Gourmet West Coast Dark Roast Single Serve Coffee Pods,34.99,"72 ea, $0.49/1ea",coffee,No Frills
Medium Roast Coffee Pods Club Size,32.99,"100 ea, $0.33/1ea",coffee,No Frills
Original Fine Grind Coffee,24.99,"930 g, $2.69/100g",coffee,No Frills
Rossa Ground Coffee,5.00,"250 g, $2.00/100g",coffee,No Frills
Gourmet Swiss Water Process Decaffeinated Medium Roast Fine Grind Coffee,15.99,"875 g, $1.83/100g",coffee,No Frills
"Crema e Gusto Ground Coffee, Classico",5.00,"250 g, $2.00/100g",coffee,No Frills
Medium Roast Ground Coffee,9.99,"925 g, $1.08/100g",coffee,No Frills
"Premium Medium Dark Roast, Ground Coffee",24.99,"950 g, $2.63/100g",coffee,No Frills
"Premium Medium Dark Roast K-Cup Coffee Pods, 30 Count",24.99,"30 ea, $0.83/1ea",coffee,No Frills
Original Roast Instant Coffee,5.49,"150 g, $3.66/100g",coffee,No Frills
Espresso Instant Coffee ,5.99,"80 g, $7.49/100g",coffee,No Frills
Gourmet West Coast Dark Roast Single Serve Coffee Pods,15.99,"30 ea, $0.53/1ea",coffee,No Frills
"Ground Coffee Pike Place Roast, Nespresso Vertuo",11.49,"100 g, $11.49/100g",coffee,No Frills
Original K-Cup Coffee Pods,24.99,"30 ea, $0.83/1ea",coffee,No Frills
Tasters Choice Classic Instant Coffee,7.99,"100 g, $7.99/100g",coffee,No Frills
Gourmet Medium Roast Fine Grind Coffee ,15.99,"930 g, $1.72/100g",coffee,No Frills
Dark Roast Coffee Pods Club Size,32.99,"1 ea, $0.33/1ea",coffee,No Frills
Sweet And Creamy Original Instant Coffee Mix,7.99,"351 g, $2.28/100g",coffee,No Frills
Medium Roast Instant and Microground Coffee,5.99,"100 g, $5.99/100g",coffee,No Frills
Dark Roast Ground Coffee,9.99,"925 g, $1.08/100g",coffee,No Frills
Rich Decaf Instant Coffee,6.79,"100 g, $6.79/100g",coffee,No Frills
"Fine Grain Coffee, Decaffeinated",9.99,"300 g, $3.33/100g",coffee,No Frills
The Great Canadian Light to Medium Roast Single Serve Coffee Pods,34.99,"72 ea, $0.49/1ea",coffee,No Frills
Gourmet Medium Roast Single Serve Coffee Pods,15.99,"30 ea, $0.53/1ea",coffee,No Frills
Instant Coffee Club Size,8.79,"340 g, $2.59/100g",coffee,No Frills
The Great Canadian Light to Medium Roast Single Serve Coffee Pods,15.99,"30 ea, $0.53/1ea",coffee,No Frills
PC® Espresso Forte Whole Bean Coffee,15.99,"907 g, $1.76/100g",coffee,No Frills
Gourmet Swiss Water Process Decaffeinated Medium Roast Single Serve Coffee Pods,15.99,"30 ea, $0.53/1ea",coffee,No Frills
RICH Instant Coffee,15.99,"475 g, $3.37/100g",coffee,No Frills
"Rich French Vanilla Flavoured Instant Coffee Mix, Makes 50 Servings",6.79,"100 g, $6.79/100g",coffee,No Frills
Hazelnut Coffee,9.99,"300 g, $3.33/100g",coffee,No Frills
GOLD Espresso Instant Coffee,8.99,"100 g, $8.99/100g",coffee,No Frills
Sweet And Creamy French Vanilla Instant Coffee Mix,7.99,"351 g, $2.28/100g",coffee,No Frills
Caffè Verona Ground Coffee,11.99,"340 g, $3.53/100g",coffee,No Frills
"Caffè Verona Capsules, Ground Coffee For Nespresso Vurtuo",11.49,"100 g, $11.49/100g",coffee,No Frills
Rich Hazelnut Instant Coffee Canister,6.79,"100 g, $6.79/100g",coffee,No Frills
Rich Intense Instant Coffee,6.79,"160 g, $4.24/100g",coffee,No Frills
Dark Roast Coffee,9.99,"300 g, $3.33/100g",coffee,No Frills
Rossa Roasted Coffee Beans,16.99,"1 kg, $1.70/100g",coffee,No Frills
G7 3-in-1 Instant Coffee,5.99,"352 g, $1.70/100g",coffee,No Frills
Variety Pack K-Cup Coffee Pods,24.99,"30 ea, $0.83/1ea",coffee,No Frills
Ground Coffee Bold Espresso,7.99,"10 ea, $0.80/1ea",coffee,No Frills
"Premium Medium Dark Roast, Ground Coffee, Decaf",24.99,"640 g, $3.90/100g",coffee,No Frills
Sweet & Creamy Iced Original Instant Coffee Mix,7.99,"256 g, $3.12/100g",coffee,No Frills
Rich Caramel Instant Coffee,6.79,"100 g, $6.79/100g",coffee,No Frills
Whole Bean Arabica Coffee,15.99,"907 g, $1.76/100g",coffee,No Frills
Vanilla Biscotti K-Cup Coffee Pods 12 Count,6.99,"12 ea, $0.58/1ea",coffee,No Frills
PC® Colombian Supremo Single Origin Medium Roast Fine Grind Coffee,6.99,"340 g, $2.06/100g",coffee,No Frills
By Nespresso Espresso Roast Nespresso Coffee Capsules 10 Nespresso Coffee Pods,7.99,"57 g, $14.02/100g",coffee,No Frills
Dark Roast Coffee Pods,6.79,"114 g, $5.96/100g",coffee,No Frills
Black Silk K-Cup Coffee Pods 30 Count,21.49,"30 ea, $8.95/100g",coffee,No Frills
"Premium Medium Dark Roast, K-Cup Coffee Pods, 12 Count",12.99,"12 ea, $1.08/1ea",coffee,No Frills
Espresso Forte Espresso Grind Coffee,6.29,"250 g, $2.52/100g",coffee,No Frills
Original Roast Coffee 100% Compostable K Cup Coffee Pods,10.49,"114 g, $9.20/100g",coffee,No Frills
Ground 100% Arabica Coffee Pike Place Medium Roast,11.99,"340 g, $3.53/100g",coffee,No Frills
Colombian Coffee,9.99,"300 g, $3.33/100g",coffee,No Frills
Gold Dark Roast Instant and Roast & Ground Coffee,8.99,"100 g, $8.99/100g",coffee,No Frills
"G7 3-in-1 Instant Coffee, Box    ",3.99,"288 g, $1.39/100g",coffee,No Frills
Lively Colombian K-Cup Coffee Pods 30 Count,21.49,"30 ea, $0.72/1ea",coffee,No Frills
PC® Espresso Aromatico Lungo Single Serve Coffee Capsules,6.99,"10 ea, $69.90/100ea",coffee,No Frills
Classic Decaf Coffee,7.99,"100 g, $7.99/100g",coffee,No Frills
"Instant Coffee, Light",8.99,"100 g, $8.99/100g",coffee,No Frills
Black Silk Ground Coffee Dark,9.99,"641 g, $1.56/100g",coffee,No Frills
Decaffeinated Hazelnut Vanilla Naturally Flavoured Fine Grind Coffee,4.99,"250 g, $2.00/100g",coffee,No Frills
PC® Ethiopia Single Origin Medium Roast Fine Grind Coffee,6.99,"340 g, $2.06/100g",coffee,No Frills
Decaffeinated Ground Coffee Classic Decaf,9.99,"544 g, $1.84/100g",coffee,No Frills
Gold Smooth Instant Coffee,8.99,"100 g, $8.99/100g",coffee,No Frills
Cafe Barista Medium Roasted Coffee 100% Compostable Pods,19.99,"300 g, $6.66/100g",coffee,No Frills
"Instant Coffee, Medium",8.99,"100 g, $8.99/100g",coffee,No Frills
Dark Coffee,36.99,"48 ea, $0.77/1ea",coffee,No Frills
"Premium Medium Dark Roast, Ground Coffee",13.99,"340 g, $4.11/100g",coffee,No Frills
Pike Place Roast Medium Roast Ground Coffee K-Cup Pods,11.99,"10 ea, $1.20/1ea",coffee,No Frills
"Kosher Aladin Turkish Coffee, Roasted and Ground",7.29,"200 g, $3.65/100g",coffee,No Frills
GOLD Instant and Roast & Ground Medium Coffee,8.99,"100 g, $8.99/100g",coffee,No Frills
Columbian K-Cup Coffee Pods,24.99,"30 ea, $0.83/1ea",coffee,No Frills
The Great Canadian Light to Medium Roast TASSIMO T DISCs,9.99,"14 ea, $0.71/1ea",coffee,No Frills
"Premium Medium Dark Roast, Whole Bean Coffee",23.99,"900 g, $2.67/100g",coffee,No Frills
Original House Blend K-Cup Pods,24.99,"30 ea, $0.83/1ea",coffee,No Frills
Maxwell House House Blend Coffee Single Serve T-Discs,8.99,"16 ea, $0.56/1ea",coffee,No Frills
The Great Canadian Light to Medium Roast Single Serve Coffee Pods,6.99,"12 ea, $0.58/1ea",coffee,No Frills
By Nespresso Pike Place Roast Coffee Pods,7.99,"53 g, $15.08/100g",coffee,No Frills
French Vanilla Coffee,9.99,"300 g, $3.33/100g",coffee,No Frills
Dark Roast Coffee 100% Compostable K Cup Coffee Pods,10.49,"117 g, $8.97/100g",coffee,No Frills
Kosher Platinum Dried Inst Cof   ,17.99,"200 g, $9.00/100g",coffee,No Frills
Medium Roast Coffee Pods,6.79,"114 g, $5.96/100g",coffee,No Frills
Dark Roast K-Cup Compatible,24.99,"30 ea, $0.83/1ea",coffee,No Frills
"Regular Coffee, K-Cup",18.99,"30 ea, $0.63/1ea",coffee,No Frills
"Coffee, Dark Roast",24.99,"875 g, $2.86/100g",coffee,No Frills
Original Coffee,36.99,"48 ea, $0.77/1ea",coffee,No Frills
Nabob Espresso Single Serve T-Discs,9.99,"14 ea, $0.71/1ea",coffee,No Frills
PC® Gourmet Medium Roast Single Serve Coffee Pods,34.99,"72 ea, $0.49/1ea",coffee,No Frills
"Breakfast Blend, Light Roast, K-Cup Coffee Pods, 30 Count",18.99,"30 ea, $0.63/1ea",coffee,No Frills
Cappuccino TASSIMO T DISCs,9.99,"8 ea, $1.25/1ea",coffee,No Frills
3 in 1 Coffee Reduced Sugar,7.49,"525 g, $1.43/100g",coffee,No Frills
"K-Cup, French Vanilla",7.99,"126 g, $6.66/100g",coffee,No Frills
Pure Ground Coffee Breakfast Blend,10.99,"900 g, $1.22/100g",coffee,No Frills
Instant Coffee,4.99,"150 g, $3.33/100g",coffee,No Frills
Ground Coffee Bright Espresso,7.99,"10 ea, $0.80/1ea",coffee,No Frills
"Cold Brew Coffee Concentrate, Signature Black",12.99,"946 ml, $1.37/100ml",coffee,No Frills
Ground 100% Arabica Coffee True North Blend Blonde Roast,11.99,"340 g, $3.53/100g",coffee,No Frills
Kosher Instant Coffee,10.99,"200 g, $5.50/100g",coffee,No Frills
True North Blend Blonde Roast Ground Coffee K-Cup Pods,24.49,"24 ea, $1.02/1ea",coffee,No Frills
Original Roast Coffee 100% Compostable K Cup Coffee Pods,16.99,"285 g, $5.96/100g",coffee,No Frills
Doughnuts Value Pack Light Roast Coffee 30 K-Cup Pods,18.99,"30 ea, $0.63/1ea",coffee,No Frills
Light Roast Instant Coffee,5.99,"100 g, $5.99/100g",coffee,No Frills
Dark Roast Instant & Microground Coffee,5.99,"100 g, $5.99/100g",coffee,No Frills
"Premium Medium Dark Roast, Decaf, Ground Coffee",13.99,"340 g, $4.11/100g",coffee,No Frills
"Rich Instant Coffee, Tin",5.99,"95 g, $6.31/100g",coffee,No Frills
Classic Roast K-Cup Coffee Pods 12 Count,6.99,"12 ea, $0.58/1ea",coffee,No Frills
Origins Colombia Coffee,8.99,"95 g, $9.46/100g",coffee,No Frills
"Lemon Tea, Cartons 10 Pack",3.99,"10x200.0 ml, $0.20/100ml",tea_hotDrinks,No Frills
"Iced Tea, Lemon ",7.49,"12x341.0 ml, $0.18/100ml",tea_hotDrinks,No Frills
Orange Pekoe Black Tea,12.99,"216 ea, $0.06/1ea",tea_hotDrinks,No Frills
"Zero Iced Tea, Lemon   ",7.49,"12x341.0 ml, $0.18/100ml",tea_hotDrinks,No Frills
"Peach Party Tea, Can",1.59,"695 ml, $0.23/100ml",tea_hotDrinks,No Frills
Medium Roast Iced Coffee,8.49,"1.42 l, $0.60/100ml",tea_hotDrinks,No Frills
Original Iced Tea 2.35 Kg,13.99,"2.35 kg, $0.60/100g",tea_hotDrinks,No Frills
Strawberry Lemon Tea,1.59,"695 ml, $0.23/100ml",tea_hotDrinks,No Frills
"Razzleberry Tea, Can",1.59,"695 ml, $0.23/100ml",tea_hotDrinks,No Frills
Blonde Roast Iced Coffee,8.49,"1.42 l, $0.60/100ml",tea_hotDrinks,No Frills
Yogurt-Flavored Drink,2.29,"4x400.0 ml, $0.57/100ml",tea_hotDrinks,No Frills
Lemon Iced Tea,4.29,"1.75 l, $0.25/100ml",tea_hotDrinks,No Frills
Sno-Berry,1.59,"695 ml, $0.23/100ml",tea_hotDrinks,No Frills
Diet Lemon Iced Tea ,5.49,"12x355.0 ml, $0.13/100ml",tea_hotDrinks,No Frills
"Caddy Shack Tea, Can",1.59,"695 ml, $0.23/100ml",tea_hotDrinks,No Frills
Lemon Ginger Herbal Tea,3.00,"20 ea, $0.15/1ea",tea_hotDrinks,No Frills
"Peach Tea, Cherry",1.59,"695 ml, $0.23/100ml",tea_hotDrinks,No Frills
Orange Pekoe Black Tea,5.99,"72 ea, $0.08/1ea",tea_hotDrinks,No Frills
Lemon Iced Tea Naturally Flavoured,5.49,"12x355.0 ml, $0.13/100ml",tea_hotDrinks,No Frills
Mango Mood,1.59,"695 ml, $0.23/100ml",tea_hotDrinks,No Frills
Camomile Herbal Tea,3.00,"20 ea, $0.15/1ea",tea_hotDrinks,No Frills
Chai Latte Tea Concentrate,8.99,"946 ml, $0.95/100ml",tea_hotDrinks,No Frills
Ginger Peach Herbal Tea,3.00,"20 ea, $7.50/100g",tea_hotDrinks,No Frills
Decafeine Orange Pekoe,8.99,"80 ea, $0.11/1ea",tea_hotDrinks,No Frills
Iced Tea,2.29,"1.75 l, $0.13/100ml",tea_hotDrinks,No Frills
Lemonade,6.49,"2.63 l, $0.25/100ml",tea_hotDrinks,No Frills
Raspberry Iced Tea,4.29,"1.75 l, $0.25/100ml",tea_hotDrinks,No Frills
"Brewed Iced Tea Less Sugar, Lemon",4.29,"1.75 l, $0.25/100ml",tea_hotDrinks,No Frills
50ct Pure Peppermint,6.99,"50 ea, $0.14/1ea",tea_hotDrinks,No Frills
Lemonade with Raspberry,6.49,"2.63 l, $0.25/100ml",tea_hotDrinks,No Frills
Cucumber Mint Flavour Green Tea,3.49,"1.54 l, $0.23/100ml",tea_hotDrinks,No Frills
"Peach Tea, Cartons 10 Pack",3.99,"10x200.0 ml, $0.20/100ml",tea_hotDrinks,No Frills
Chai Black Tea,3.00,"20 ea, $7.50/100g",tea_hotDrinks,No Frills
Lemonade,5.49,"12x355.0 ml, $0.13/100ml",tea_hotDrinks,No Frills
Gold Peak Iced Tea (Natural Lemon Flavour),5.29,"1.75 l, $0.30/100ml",tea_hotDrinks,No Frills
Hot Chocolate Mix,4.79,"500 g, $0.96/100g",tea_hotDrinks,No Frills
Zero Lemon Iced Tea,1.25,"710 ml, $0.18/100ml",tea_hotDrinks,No Frills
Peppermint Herbal Tea,2.00,"36 g, $5.56/100g",tea_hotDrinks,No Frills
The Orange Pekoe,6.79,"72 ea, $0.09/1ea",tea_hotDrinks,No Frills
Lavender Flavour White Tea,3.49,"1.54 l, $0.23/100ml",tea_hotDrinks,No Frills
Lemon & Ginger Tea,6.99,"50 ea, $0.14/1ea",tea_hotDrinks,No Frills
Lemon Iced Tea,1.25,"710 ml, $0.18/100ml",tea_hotDrinks,No Frills
Chocolate Milk Mix,5.00,"750 g, $0.67/100g",tea_hotDrinks,No Frills
Raspberry Thriller Herbal Tea,3.00,"40 g, $7.50/100g",tea_hotDrinks,No Frills
The Orange Pekoe,8.99,"144 ea, $0.06/1ea",tea_hotDrinks,No Frills
Rooibos Red Tea,3.00,"20 ea, $0.15/1ea",tea_hotDrinks,No Frills
Iced Tea Natural Lemon Flavour  ,2.50,"500 ml, $0.50/100ml",tea_hotDrinks,No Frills
Dreamland Herbal Tea,3.00,"20 ea, $0.15/1ea",tea_hotDrinks,No Frills
"Greenest of All Teas Tea, Can",1.59,"695 ml, $0.23/100ml",tea_hotDrinks,No Frills
Superblends Flavoured Herbal Tea Orange & Star Anise,6.79,"18 ea, $0.38/1ea",tea_hotDrinks,No Frills
2-Cup Black Tea Bags,2.79,"100 ea, $0.03/1ea",tea_hotDrinks,No Frills
The corse orange pekoe - Corse ,6.79,"72 ea, $0.09/1ea",tea_hotDrinks,No Frills
"Rasberry Tea, Carafe",5.29,"1.75 l, $0.30/100ml",tea_hotDrinks,No Frills
Classic Tea,5.29,"150 g, $3.53/100g",tea_hotDrinks,No Frills
Green Ginger and Lemongass,3.49,"30 g, $11.63/100g",tea_hotDrinks,No Frills
Ginger Chai Black Tea With Real Ginger ,5.99,"182 g, $3.29/100g",tea_hotDrinks,No Frills
Cardamom Chai Tea,4.99,"166 g, $3.01/100g",tea_hotDrinks,No Frills
Super Herbal Tea Sunshine Lemon & Orange With Vitamin D,2.99,"20 ea, $0.15/1ea",tea_hotDrinks,No Frills
Milky Flavor Tea Okinawa,7.99,"375 g, $2.13/100g",tea_hotDrinks,No Frills
20ct Pure Peppermint,5.49,"20 ea, $0.27/1ea",tea_hotDrinks,No Frills
Instant Boba Kit Matcha,9.49,"285 g, $3.33/100g",tea_hotDrinks,No Frills
Raspberry Tea,2.49,"50 g, $4.98/100g",tea_hotDrinks,No Frills
Green Tea,8.99,"200 g, $4.50/100g",tea_hotDrinks,No Frills
Hot Chocolate Mix ,14.49,"1.8 kg, $0.81/100g",tea_hotDrinks,No Frills
Honey & Lemon Green Tea,3.49,"30 g, $11.63/100g",tea_hotDrinks,No Frills
Taj Mahal Loose Leaf Black Tea,9.89,"450 g, $2.20/100g",tea_hotDrinks,No Frills
Takaokaya Brown Rice Tea,2.99,"31 g, $9.65/100g",tea_hotDrinks,No Frills
20ct Honeybush Mandarin Orange,5.49,"20 ea, $0.27/1ea",tea_hotDrinks,No Frills
"Hot Chocolate Mix, Cookies and Creme - 7 sachets",5.29,"175 g, $3.02/100g",tea_hotDrinks,No Frills
"Chai Tea Latte Mix, Cardamom",5.99,"224 g, $2.67/100g",tea_hotDrinks,No Frills
50ct Pure Camomile,6.99,"50 ea, $0.14/1ea",tea_hotDrinks,No Frills
Loose Black Tea ,8.99,"450 g, $2.00/100g",tea_hotDrinks,No Frills
"Chai Tea Latte Mix, Ginger",5.99,"224 g, $2.67/100g",tea_hotDrinks,No Frills
Black Tea with Spice Nana,3.49,"30 g, $11.63/100g",tea_hotDrinks,No Frills
Marshmallow Hot Chocolate Canister,6.99,"450 g, $1.55/100g",tea_hotDrinks,No Frills
20ct Earl Grey Decaf,5.49,"20 ea, $0.27/1ea",tea_hotDrinks,No Frills
Instant Boba Kit Black Tea,9.49,"285 g, $3.33/100g",tea_hotDrinks,No Frills
Instant Ginger Latte With Honey,4.49,"250 g, $1.80/100g",tea_hotDrinks,No Frills
Yellow Label Black Tea,8.99,"200 g, $4.50/100g",tea_hotDrinks,No Frills
Super Herbal Tea Immune+ Peppermint & Ginger With Zinc And Vitamin D,2.99,"20 ea, $0.15/1ea",tea_hotDrinks,No Frills
Orange Pekoe Premium Black Tea Club Size,7.99,"216 ea, $0.04/1ea",tea_hotDrinks,No Frills
"Rich And Creamy Hot Chocolate, Large Canister",20.99,"1.7 kg, $1.23/100g",tea_hotDrinks,No Frills
Carnation Hot Chocolate Mix Turtles,6.99,"400 g, $1.75/100g",tea_hotDrinks,No Frills
Strawberry Iced Tea,1.25,"710 ml, $0.18/100ml",tea_hotDrinks,No Frills
Multi-Fruit Tea,2.49,"50 g, $4.98/100g",tea_hotDrinks,No Frills
Organic Oolong Tea,6.49,"200 g, $3.25/100g",tea_hotDrinks,No Frills
Dirty Chai Black Tea with Espresso Coffee,3.00,"20 ea, $0.15/1ea",tea_hotDrinks,No Frills
Super Green Tea Antiox Tropical With Vitamin C,2.99,"20 ea, $0.15/1ea",tea_hotDrinks,No Frills
Super Herbal Tea-Boost Peach Ginger Dan with Vitamin B6,2.99,"40 g, $0.15/1ea",tea_hotDrinks,No Frills
Earl Grey Specialty Tea   ,2.99,"24 ea, $0.12/1ea",tea_hotDrinks,No Frills
Herbal Tea Goodnight Blend,6.99,"50 ea, $0.14/1ea",tea_hotDrinks,No Frills
"Iced Tea, Lemon",6.49,"2.63 l, $0.25/100ml",tea_hotDrinks,No Frills
Green Tea The Vert Naturellement Decafeine   ,8.99,"80 ea, $0.11/1ea",tea_hotDrinks,No Frills
Herbal Tea Live Calm Camomile Spearmint Orange,2.99,"30 g, $9.97/100g",tea_hotDrinks,No Frills
Green Tea,3.00,"20 ea, $0.15/1ea",tea_hotDrinks,No Frills
Extra Strength,5.99,"50 g, $11.98/100g",tea_hotDrinks,No Frills
Iced Tea Powdered Drink Mix Pitcher Packs,3.29,"30.9 g, $10.65/100g",tea_hotDrinks,No Frills
"Taj Mahal Black Tea, Loose",13.99,"900 g, $1.55/100g",tea_hotDrinks,No Frills
Earl Grey Premium Flavoured Black Tea,4.99,"48 ea, $0.10/1ea",tea_hotDrinks,No Frills
"Herbal Tea Passion Hibiscus, Orange peel and Passion Fruit Flavours",5.99,"1 ea, $5.99/1ea",tea_hotDrinks,No Frills
Jasmine Green Tea,7.99,"200 g, $4.00/100g",tea_hotDrinks,No Frills
"Chinese Teabags, Pu Erh",2.99,"25 ea, $0.12/1ea",tea_hotDrinks,No Frills
Blueberry Tea,2.49,"50 g, $4.98/100g",tea_hotDrinks,No Frills
Oi Ocha Green Tea Roasted Rice,7.99,"40 g, $19.98/100g",tea_hotDrinks,No Frills
Magic Garden Fruit & Herbal Teas Cranberry Splash,3.49,"44 g, $7.93/100g",tea_hotDrinks,No Frills
Organic Chai Te Bag ,5.99,"20 ea, $0.30/1ea",tea_hotDrinks,No Frills
20ct Variety Pack,5.49,"20 ea, $0.27/1ea",tea_hotDrinks,No Frills
English Breakfast Tea ,6.79,"60 ea, $0.11/1ea",tea_hotDrinks,No Frills
"Iced Coffee, Regular",1.49,"240 ml, $0.62/100ml",tea_hotDrinks,No Frills
Green Tea Sen-Cha Tea Bag ,4.89,"40 g, $12.23/100g",tea_hotDrinks,No Frills
Orange Pekoe Premium Black Tea,4.49,"72 ea, $0.06/1ea",tea_hotDrinks,No Frills
Lord Grey Tea,3.49,"50 g, $6.98/100g",tea_hotDrinks,No Frills
"Iced Coffee, Cappuccino",1.49,"240 ml, $0.62/100ml",tea_hotDrinks,No Frills
"Hot Apple Cider Mix, Original",5.29,"230 g, $2.30/100g",tea_hotDrinks,No Frills
Verbana & Lemon Grass Green Tea,3.49,"30 g, $11.63/100g",tea_hotDrinks,No Frills
Matcha Latte Instant 10,5.99,"250 g, $2.40/100g",tea_hotDrinks,No Frills
Instant Coffee Mix,6.19,"30x18.0 g, $1.15/100g",tea_hotDrinks,No Frills
Hot Chocolate 30 Capsules ,22.99,"450 g, $5.11/100g",tea_hotDrinks,No Frills
Orange Pekoe Black Tea,12.99,"216 ea, $0.06/1ea",tea_hotDrinks,No Frills
"Green Tea, Apple & Cinnamon",3.49,"30 g, $11.63/100g",tea_hotDrinks,No Frills
Pei Pa Koa,5.49,"150 ml, $3.66/100ml",tea_hotDrinks,No Frills
"Feeling Soothed Peppermint, Ginger & Fennel Herbal Tea",3.00,"20 ea, $0.15/1ea",tea_hotDrinks,No Frills
Peppermint Herbal Cannister Pack,2.99,"20 ea, $0.15/1ea",tea_hotDrinks,No Frills
Herbal Tea Peppermint Spearmint Caffeine Free,2.99,"32 g, $9.34/100g",tea_hotDrinks,No Frills
Lemon Thriller Herbal Tea,3.00,"20 ea, $7.50/100g",tea_hotDrinks,No Frills
Pure Green Specialty Tea   ,2.99,"24 ea, $0.12/1ea",tea_hotDrinks,No Frills
The Vert Classique,8.99,"80 ea, $0.11/1ea",tea_hotDrinks,No Frills
Lemon tea,1.99,"945 ml, $0.21/100ml",tea_hotDrinks,No Frills
"Tea, Green  with Roasted Rice (Genmaicha)",5.79,"400 g, $1.45/100g",tea_hotDrinks,No Frills
Jasmine Tea,3.99,"200 g, $2.00/100g",tea_hotDrinks,No Frills
Malted Chocolate Drink Mix,12.49,"1.2 kg, $1.04/100g",tea_hotDrinks,No Frills
20ct Chai,5.49,"20 ea, $0.27/1ea",tea_hotDrinks,No Frills
"Tea, Indian Pleasures Premium Assam  Special Blend",11.99,"908 g, $1.32/100g",tea_hotDrinks,No Frills
Herbal Tea Iced Passion,8.99,"946 ml, $0.95/100ml",tea_hotDrinks,No Frills
"Iced Coffee, Blue Mountain",1.49,"240 ml, $0.62/100ml",tea_hotDrinks,No Frills
100ct Earl Grey,15.49,"100 ea, $0.15/1ea",tea_hotDrinks,No Frills
Loose Black Tea  ,15.99,"900 g, $1.78/100g",tea_hotDrinks,No Frills
Hot Chocolate,5.29,"25 g, $2.12/100g",tea_hotDrinks,No Frills
"Tea, Masala Chai Black  with Real Spices ",5.99,"182 g, $3.29/100g",tea_hotDrinks,No Frills
Instant Chai Tea Latte Masala Chai Unsweetened,5.49,"160 g, $3.43/100g",tea_hotDrinks,No Frills
Naturally Flavoured Black Tea Chai Original,7.49,"96 g, $7.80/100g",tea_hotDrinks,No Frills
Marshmallow Hot Chocolate Sachets,5.29,"250 g, $2.12/100g",tea_hotDrinks,No Frills
"Malted Drink, Classic",4.99,"400 g, $1.25/100g",tea_hotDrinks,No Frills
Super Tea Boost Berry Burst With Vitamin B6,2.99,"20 ea, $0.15/1ea",tea_hotDrinks,No Frills
Naturally Flavoured Black Tea Chai Original,7.49,"96 g, $7.80/100g",tea_hotDrinks,No Frills
Instant Chai Tea Latte Masala Chai Unsweetened,5.49,"160 g, $3.43/100g",tea_hotDrinks,No Frills
Hot Chocolate,5.29,"25 g, $2.12/100g",tea_hotDrinks,No Frills
Super Tea Boost Berry Burst With Vitamin B6,2.99,"20 ea, $0.15/1ea",tea_hotDrinks,No Frills
"Aero S'Mores Hot Chocolate, Envelopes",5.29,"175 g, $3.02/100g",tea_hotDrinks,No Frills
Instant Honey Ginger Drink,3.19,"10x18.0 g, $1.77/100g",tea_hotDrinks,No Frills
Peach tea,1.99,"945 ml, $0.21/100ml",tea_hotDrinks,No Frills
"Herbal Tea, Fennel",3.99,"40 g, $9.98/100g",tea_hotDrinks,No Frills
Camomile Herbal Tea,2.00,"24 g, $8.33/100g",tea_hotDrinks,No Frills
Tea,8.99,"681 g, $1.32/100g",tea_hotDrinks,No Frills
Dark Roast Black Cold Brew Coffee,5.49,"900 ml, $0.61/100ml",tea_hotDrinks,No Frills
Iced Tea with 50% Less Sugar,6.29,"715 g, $0.88/100g",tea_hotDrinks,No Frills
Super Tea immune lemon & Echinacea with Zinc,2.99,"20 ea, $0.15/1ea",tea_hotDrinks,No Frills
Earl Grey Decaffeinated Specialty Cannister Pack,2.99,"24 ea, $0.12/1ea",tea_hotDrinks,No Frills
Vanilla Black Tea,3.00,"20 ea, $0.15/1ea",tea_hotDrinks,No Frills
Raspberry Can,7.49,"12x341.0 ml, $0.18/100ml",tea_hotDrinks,No Frills
Hibiscus White Tea,3.00,"20 ea, $0.15/1ea",tea_hotDrinks,No Frills
Half and Half Iced Tea with Lemonade,1.25,"710 ml, $0.18/100ml",tea_hotDrinks,No Frills
Orange Pekoe Black Tea,8.49,"680 g, $1.25/100g",tea_hotDrinks,No Frills
Hot Chocolate Mix,6.99,"450 g, $1.55/100g",tea_hotDrinks,No Frills
Instant 3-in-1 Milk Tea,7.49,"30x18.0 g, $1.39/100g",tea_hotDrinks,No Frills
Individual Tea Bags Sealed For Freshness English Breakfast,15.49,"100 ea, $0.15/1ea",tea_hotDrinks,No Frills
Coffee Mix,2.49,"150 g, $1.66/100g",tea_hotDrinks,No Frills
Iced Tea Blood Orange,1.25,"710 ml, $0.18/100ml",tea_hotDrinks,No Frills
"Chai Tea Latte Mix, Masala",5.99,"224 g, $2.67/100g",tea_hotDrinks,No Frills
Green Tea (Sencha),5.99,"150 g, $3.99/100g",tea_hotDrinks,No Frills
"Tea, Green  with Roasted Rice Genmaicha",4.89,"40 g, $12.23/100g",tea_hotDrinks,No Frills
Blackberry Iced Tea,1.25,"710 ml, $0.18/100ml",tea_hotDrinks,No Frills
Japanese Green Tea (Sencha),5.39,"200 g, $2.70/100g",tea_hotDrinks,No Frills
"Herbal Tea, Anise",3.99,"40 g, $9.98/100g",tea_hotDrinks,No Frills
Organic Green Tea,6.49,"200 g, $3.25/100g",tea_hotDrinks,No Frills
Wild Sweet Orange Tea,5.99,"20 ea, $0.30/1ea",tea_hotDrinks,No Frills
Instant Ginger Tea Latte With Honey,5.49,"250 g, $2.20/100g",tea_hotDrinks,No Frills
Loose Black Tea Desh Ka Anokha Swad,14.99,"900 g, $1.67/100g",tea_hotDrinks,No Frills
Chocolatey Chai Herbal Tea,3.00,"20 ea, $0.15/1ea",tea_hotDrinks,No Frills
Maple Rooibos Red Tea,3.00,"20 ea, $0.15/1ea",tea_hotDrinks,No Frills
Feeling Calm Camomile Citrus Herbal Tea,3.00,"20 ea, $0.15/1ea",tea_hotDrinks,No Frills
Earl Grey The Speciaux   ,8.99,"80 ea, $0.11/1ea",tea_hotDrinks,No Frills
Zero Sugar Lemon,6.79,"12x355.0 ml, $0.16/100ml",tea_hotDrinks,No Frills
50ct English Breakfast,6.99,"50 ea, $0.14/1ea",tea_hotDrinks,No Frills
"Tea, Honey Lemon Ginseng Green Specialty  ",2.99,"24 ea, $0.12/1ea",tea_hotDrinks,No Frills
Antiox Apple Cinnamon & Turmeric With Vitamin C,2.99,"20 g, $0.15/1ea",tea_hotDrinks,No Frills
Super Green Matcha,2.99,"20 ea, $0.15/1ea",tea_hotDrinks,No Frills
Malted Chocolate Drink,4.99,"400 g, $1.25/100g",tea_hotDrinks,No Frills
"Slim Tea, Extra Strength",5.49,"12 ea, $0.46/1ea",tea_hotDrinks,No Frills
"Tea, Masala Chai  Bags Special International Blend 100  Bags",7.99,"200 g, $4.00/100g",tea_hotDrinks,No Frills
50ct Earl Grey,6.99,"50 ea, $0.14/1ea",tea_hotDrinks,No Frills
Bakri Premium Tea    ,13.49,"907 g, $1.49/100g",tea_hotDrinks,No Frills
Instant Chocolate Flavored Mix,10.49,"596 g, $1.76/100g",tea_hotDrinks,No Frills
Malted Milk Drink,4.99,"400 g, $1.25/100g",tea_hotDrinks,No Frills
Black Tea,18.99,"900 g, $2.11/100g",tea_hotDrinks,No Frills
"Iced Tea, Raspberry",6.49,"2.63 l, $0.25/100ml",tea_hotDrinks,No Frills
Superblends Flavoured Herbal Tea Lemon & Ginger,6.79,"18 ea, $0.38/1ea",tea_hotDrinks,No Frills
Orange Pekoe Black Tea,8.49,"685 g, $1.24/100g",tea_hotDrinks,No Frills
Turmeric Echinacea Herbal Tea,2.99,"20 ea, $0.15/1ea",tea_hotDrinks,No Frills
20ct Lemon & Ginger,5.49,"20 ea, $0.27/1ea",tea_hotDrinks,No Frills
China Green Tea,3.99,"200 g, $2.00/100g",tea_hotDrinks,No Frills
Green Tea,4.99,"48 ea, $10.40/100ea",tea_hotDrinks,No Frills
"Chinese Teabags, Iron Buddha",2.99,"25 ea, $0.12/1ea",tea_hotDrinks,No Frills
Green Tea With Citrus Fruits,3.49,"20 ea, $11.63/100g",tea_hotDrinks,No Frills
Loose Black Tea Desh Ka Anokha Swad,7.99,"450 g, $1.78/100g",tea_hotDrinks,No Frills
Cardamom Chai Black Tea With Real Cardamom ,5.99,"182 g, $3.29/100g",tea_hotDrinks,No Frills
The Decadent Hot Chocolate Mix,5.89,"450 g, $1.31/100g",tea_hotDrinks,No Frills
Less Sugar,2.99,"547 ml, $0.55/100ml",tea_hotDrinks,No Frills
"Bakri Tea Bags, Orange Pekoe",13.49,"681 g, $1.98/100g",tea_hotDrinks,No Frills
Variety Pack Hot Chocolate Envelopes,5.29,"175 g, $3.02/100g",tea_hotDrinks,No Frills
Oolong Tea,3.99,"200 g, $2.00/100g",tea_hotDrinks,No Frills
Spiced Indian Tea Masala Chai,3.49,"44 g, $7.93/100g",tea_hotDrinks,No Frills
Pomegranate Tea,3.49,"50 g, $6.98/100g",tea_hotDrinks,No Frills
"Cold Brew Coffee, Black, Extra Bold, Unsweetened, No Cream",7.99,"1.42 l, $0.56/100ml",tea_hotDrinks,No Frills
Herbal Tea Live Bold Cinnamon Chai Rooibos,2.99,"40 g, $7.48/100g",tea_hotDrinks,No Frills
Dark Chocolate Peppermint Candy Hot Cocoa Mix,5.00,"500 g, $1.00/100g",tea_hotDrinks,No Frills
Jasmine Green Tea,5.49,"150 g, $3.66/100g",tea_hotDrinks,No Frills
"Iced Tea, Lemon    ",13.99,"24x341.0 ml, $0.17/100ml",tea_hotDrinks,No Frills
Red Label Black Tea,12.99,"900 g, $1.44/100g",tea_hotDrinks,No Frills
Sliced Strawberries,3.99,"600 g, $0.67/100g",FrozenFruit,No Frills
Blueberries Cultivated,3.99,"600 g, $0.67/100g",FrozenFruit,No Frills
Frozen Red Raspberries,3.99,"300 g, $1.33/100g",FrozenFruit,No Frills
Mango Chunks ,3.99,"600 g, $0.67/100g",FrozenFruit,No Frills
Naturally Imperfect Frozen Berry Blend,14.00,"2 kg, $0.70/100g",FrozenFruit,No Frills
Canadian Wild Blueberries,3.99,"400 g, $1.00/100g",FrozenFruit,No Frills
Pitted Dark Sweet Cherries ,3.99,"600 g, $0.67/100g",FrozenFruit,No Frills
Frozen 4-Berry Blend,3.99,"500 g, $0.80/100g",FrozenFruit,No Frills
"Dark Sweet Cherries, Blueberries and Blackberries Power Fruit Blend ",3.99,"600 g, $0.67/100g",FrozenFruit,No Frills
"Peaches, Strawberries, Pineapple & Mango 4-Fruit Blend",3.99,"600 g, $0.67/100g",FrozenFruit,No Frills
"Pineapple, Dragon Fruit & Passion Fruit Tropical Fruit Blend",3.99,"500 g, $0.80/100g",FrozenFruit,No Frills
"Mangoes, Strawberries & Peaches Fruit Blend",3.99,"600 g, $0.67/100g",FrozenFruit,No Frills
Blueberries,14.00,"2 kg, $0.70/100g",FrozenFruit,No Frills
Naturally Imperfect Sliced Strawberries,3.00,"400 g, $0.75/100g",FrozenFruit,No Frills
"Strawberries, Raspberries, Blackberries & Blueberries 4-Berry Blend, Club Size",15.49,"2 kg, $0.77/100g",FrozenFruit,No Frills
Wild Blueberries,15.49,"1.5 kg, $1.03/100g",FrozenFruit,No Frills
Sliced Peaches,3.99,"600 g, $0.67/100g",FrozenFruit,No Frills
Banana - Sliced,3.99,"600 g, $0.67/100g",FrozenFruit,No Frills
Avocado Chunks,3.99,"400 g, $1.00/100g",FrozenFruit,No Frills
Whole Strawberries,14.00,"2 kg, $0.70/100g",FrozenFruit,No Frills
Naturally Imperfect Mango Chunks,3.00,"400 g, $0.75/100g",FrozenFruit,No Frills
Naturally Imperfect Mango,14.00,"2 kg, $0.70/100g",FrozenFruit,No Frills
"Frozen Strawberries, Whole",3.99,"600 g, $0.67/100g",FrozenFruit,No Frills
Naturally Imperfect Cultivated Blueberries,3.00,"300 g, $1.00/100g",FrozenFruit,No Frills
Blueberries Cultivated,15.49,"2 kg, $0.77/100g",FrozenFruit,No Frills
"Strawberries, Bananas & Kiwi Fruit Blend",3.99,"600 g, $0.67/100g",FrozenFruit,No Frills
Fruit Blend,15.49,"2 kg, $0.77/100g",FrozenFruit,No Frills
Organic Whole Red Raspberries,8.99,"600 g, $1.50/100g",FrozenFruit,No Frills
Organic Canadian Wild Blueberries,8.99,"600 g, $1.50/100g",FrozenFruit,No Frills
Fruit Blend ,14.00,"2 kg, $0.70/100g",FrozenFruit,No Frills
"Naturally Imperfect Strawberries, Banana, and Blueberries Fruit Blend",3.00,"400 g, $0.75/100g",FrozenFruit,No Frills
"Naturally Imperfect Pineapple, Strawberries & Mango Fruit Blend",3.00,"400 g, $0.75/100g",FrozenFruit,No Frills
Organic Mango Chunks,8.99,"600 g, $1.50/100g",FrozenFruit,No Frills
Organic Sliced Strawberries,8.99,"600 g, $1.50/100g",FrozenFruit,No Frills
Cranberries,3.99,"600 g, $0.67/100g",FrozenFruit,No Frills
"Naturally Imperfect Pineapple, Banana, and Mango Fruit Blend",3.00,"400 g, $0.75/100g",FrozenFruit,No Frills
"Nature's Strawberries, Frozen Fresh in White & Milk Chocolate",5.99,"170 g, $3.52/100g",FrozenFruit,No Frills
Pineapples pieces,14.00,"2 kg, $0.70/100g",FrozenFruit,No Frills
Organic Pitted Dark Sweet Cherries,8.99,"600 g, $1.50/100g",FrozenFruit,No Frills
Organics Berries and Cherries,8.99,"600 g, $1.50/100g",FrozenFruit,No Frills
"Nature's Raspberries, Frozen Fresh in White & Dark Chocolate",5.99,"170 g, $3.52/100g",FrozenFruit,No Frills
Highbush Blueberries,8.99,"600 g, $1.50/100g",FrozenFruit,No Frills
Pineapple,8.99,"600 g, $1.50/100g",FrozenFruit,No Frills
Whole Strawberries,8.99,"600 g, $1.50/100g",FrozenFruit,No Frills
Frozen Coconut Chunks,4.59,"600 g, $0.77/100g",FrozenFruit,No Frills
Smoothie Pops Strawberry Mango,5.99,"250 ml, $2.40/100ml",FrozenFruit,No Frills
Frozen Saba Banana,5.99,"600 g, $1.00/100g",FrozenFruit,No Frills
Smoothie Pops Dragon Fruit,5.99,"250 ml, $2.40/100ml",FrozenFruit,No Frills
Mango Chunks,8.99,"600 g, $1.50/100g",FrozenFruit,No Frills
Tropi-Green Pineapple Kale Smoothie Blend,6.99,"450 g, $1.55/100g",FrozenFruit,No Frills
"Nature's Pineapple Frozen Fresh in White Chocolate & Coconut, Pina Colada",5.99,"170 g, $3.52/100g",FrozenFruit,No Frills
"Nature's Bananas, Frozen Fresh in Peanut Butter & Dark Chocolate",5.99,"170 g, $3.52/100g",FrozenFruit,No Frills
Whole Saba Philippine Banana Steamed,3.99,"454 g, $0.88/100g",FrozenFruit,No Frills
Shredded Young Coconut,3.69,"454 g, $0.81/100g",FrozenFruit,No Frills
Mocha Berry Cherry Delight Smoothie Blend,6.99,"450 g, $1.55/100g",FrozenFruit,No Frills
Berry Blush Banana Smoothie Blend,6.99,"450 g, $1.55/100g",FrozenFruit,No Frills
Smoothie Pops Peach,5.99,"50 ml, $11.98/100ml",FrozenFruit,No Frills
Green Peas,2.59,"750 g, $0.35/100g",FrozenVegetables,No Frills
Chopped Spinach,1.79,"300 g, $0.60/100g",FrozenVegetables,No Frills
Edamame,3.49,"500 g, $0.70/100g",FrozenVegetables,No Frills
Whole Kernel Corn,2.59,"750 g, $0.35/100g",FrozenVegetables,No Frills
Mixed Vegetables,2.59,"750 g, $0.35/100g",FrozenVegetables,No Frills
Peaches & Cream Corn ,3.49,"750 g, $0.47/100g",FrozenVegetables,No Frills
Petite Pois Small Sweet Peas,3.49,"750 g, $0.47/100g",FrozenVegetables,No Frills
Summer Sweet Peas,3.49,"750 g, $0.47/100g",FrozenVegetables,No Frills
Peaches N Cream Corn,3.49,"750 g, $0.47/100g",FrozenVegetables,No Frills
Extra Fine Whole Green Beans ,3.49,"500 g, $0.70/100g",FrozenVegetables,No Frills
Peas Tender Young,3.49,"750 g, $0.47/100g",FrozenVegetables,No Frills
Peas and Carrots,2.59,"750 g, $0.35/100g",FrozenVegetables,No Frills
Cinnamon Sugar Pineapple Skewers,5.00,"300 g, $1.67/100g",FrozenVegetables,No Frills
Mixed Vegetables,6.29,"2 kg, $0.31/100g",FrozenVegetables,No Frills
3 Pepper & Onion Blend,3.49,"500 g, $0.70/100g",FrozenVegetables,No Frills
California Blend Mixed Vegetables,2.59,"750 g, $0.35/100g",FrozenVegetables,No Frills
"Green Peas, Club Size",6.29,"2 kg, $0.31/100g",FrozenVegetables,No Frills
Baby Brussels Sprouts ,3.49,"500 g, $0.70/100g",FrozenVegetables,No Frills
Cauliflower Florets,3.49,"500 g, $0.70/100g",FrozenVegetables,No Frills
Whole Green Beans,2.59,"750 g, $0.35/100g",FrozenVegetables,No Frills
"Broccoli Florets, Club Size ",9.99,"1.75 kg, $0.57/100g",FrozenVegetables,No Frills
Butternut Squash Chunks ,3.49,"750 g, $0.47/100g",FrozenVegetables,No Frills
Chopped Spinach,3.49,"500 g, $0.70/100g",FrozenVegetables,No Frills
Chili Lime Pineapple Skewers ,5.00,"300 g, $1.67/100g",FrozenVegetables,No Frills
Mixed Garden Vegetables,2.59,"750 g, $0.35/100g",FrozenVegetables,No Frills
Chopped Kale,3.49,"500 g, $0.70/100g",FrozenVegetables,No Frills
Cut Green Beans,2.59,"750 g, $0.35/100g",FrozenVegetables,No Frills
California Blend Veggies,6.29,"2 kg, $0.31/100g",FrozenVegetables,No Frills
Mixed Vegetables,3.49,"750 g, $0.47/100g",FrozenVegetables,No Frills
Whole Kernel Corn,6.29,"2 kg, $0.31/100g",FrozenVegetables,No Frills
Organic Edamame Shelled,4.50,"500 g, $0.90/100g",FrozenVegetables,No Frills
Smokin’ Stampede™ Corn Ribs,5.00,"500 g, $1.00/100g",FrozenVegetables,No Frills
"Peas & Carrots, Club Size",6.29,"2 kg, $0.31/100g",FrozenVegetables,No Frills
"Valley Selections Essentials, California Blend",3.49,"500 g, $0.70/100g",FrozenVegetables,No Frills
Diced Onions,2.59,"750 g, $0.35/100g",FrozenVegetables,No Frills
Vegetable Medley ,3.49,"750 g, $0.47/100g",FrozenVegetables,No Frills
Whole Leaf Spinach,1.79,"300 g, $0.60/100g",FrozenVegetables,No Frills
Whole Kernel Corn Niblets,3.49,"750 g, $0.47/100g",FrozenVegetables,No Frills
Diced Vegetable Mix,2.59,"750 g, $0.35/100g",FrozenVegetables,No Frills
Asian-Style Vegetable Blend ,3.49,"500 g, $0.70/100g",FrozenVegetables,No Frills
Winter Vegetables,2.59,"750 g, $0.35/100g",FrozenVegetables,No Frills
Valley Selections Japanese Mix,3.49,"500 g, $0.70/100g",FrozenVegetables,No Frills
"Sliced Okra, Bhindi",4.00,"1 kg, $0.40/100g",FrozenVegetables,No Frills
Bean & Carrot Medley,3.49,"500 g, $0.70/100g",FrozenVegetables,No Frills
Valley Selections Stir Fry Medley,3.49,"400 g, $0.87/100g",FrozenVegetables,No Frills
Thai-Style Vegetable Blend,9.99,"1.75 kg, $0.57/100g",FrozenVegetables,No Frills
Organic Broccoli Florets,4.50,"500 g, $0.90/100g",FrozenVegetables,No Frills
"Valley Selection, Asian Blend Vegetables",3.49,"400 g, $0.87/100g",FrozenVegetables,No Frills
Organic Edamame In Shell,4.50,"500 g, $0.90/100g",FrozenVegetables,No Frills
Green Mango Unripe Mango,1.99,"300 g, $0.66/100g",FrozenVegetables,No Frills
Valley Selections Baby Blend,3.49,"400 g, $0.87/100g",FrozenVegetables,No Frills
Long Stem Broccoli Florets,11.49,"680 g, $1.69/100g",FrozenVegetables,No Frills
Frozen Cut Molokhia,2.49,"400 g, $0.62/100g",FrozenVegetables,No Frills
Horseradish Leaves,1.99,"227 g, $0.88/100g",FrozenVegetables,No Frills
Riced Cauliflower,4.50,"500 g, $0.90/100g",FrozenVegetables,No Frills
Garlic Parmesan Green Beans,5.29,"340 g, $1.56/100g",FrozenVegetables,No Frills
Kosher Chopped Spinach,8.99,"680 g, $1.32/100g",FrozenVegetables,No Frills
Kosher Padres Farm Brussels Sprouts,8.99,"454 g, $1.98/100g",FrozenVegetables,No Frills
Riced Veggies Asian Stir Fry Style,5.29,"283 g, $1.87/100g",FrozenVegetables,No Frills
Simply Steam Cut Broccoli & Cauliflower with Cheese Sauce,2.79,"250 g, $1.12/100g",FrozenVegetables,No Frills
Pigeon Peas,1.99,"300 g, $0.66/100g",FrozenVegetables,No Frills
Pepper Leaves     ,1.99,"227 g, $0.88/100g",FrozenVegetables,No Frills
Diced Onions,4.49,"454 g, $0.99/100g",FrozenVegetables,No Frills
"Baby Brussels Sprouts, Club Size",9.99,"1.75 kg, $0.57/100g",FrozenVegetables,No Frills
Grilled Ready Veggie Eggplant,5.00,"500 g, $1.00/100g",FrozenVegetables,No Frills
Okra Rings,1.79,"300 g, $0.60/100g",FrozenVegetables,No Frills
Kosher Cauliflower Florets     ,12.49,"672 g, $1.86/100g",FrozenVegetables,No Frills
"Sliced Karela, Bitter Gourd ",3.29,"500 g, $0.66/100g",FrozenVegetables,No Frills
Nibblers Mini-Ears of Extra Sweet Corn-on-the-Cob 12 Count,6.99,"12 ea, $0.58/1ea",FrozenVegetables,No Frills
Chikoo Sapota,1.99,"300 g, $0.66/100g",FrozenVegetables,No Frills
Chopped Spinach,4.50,"300 g, $1.50/100g",FrozenVegetables,No Frills
California Vegetable Blend Mixed Vegetables,4.50,"500 g, $0.90/100g",FrozenVegetables,No Frills
Jute Leaves,1.99,"227 g, $0.88/100g",FrozenVegetables,No Frills
California Blend Frozen Vegetables,12.49,"672 g, $1.86/100g",FrozenVegetables,No Frills
Ready Veggie Zucchini Noodles ,5.00,"350 g, $1.43/100g",FrozenVegetables,No Frills
Sliced Red Beets,3.49,"500 g, $0.70/100g",FrozenVegetables,No Frills
Organic Chopped Kale,4.50,"300 g, $1.50/100g",FrozenVegetables,No Frills
Diced Onions,4.29,"454 g, $0.94/100g",FrozenVegetables,No Frills
Sautéed Onions,8.49,"148 g, $5.74/100g",FrozenVegetables,No Frills
Grated Cassava ,2.99,"454 g, $0.66/100g",FrozenVegetables,No Frills
Peas Summer Sweet with Butter Sauce,2.79,"250 g, $1.12/100g",FrozenVegetables,No Frills
Shredded Coconut,3.69,"300 g, $1.23/100g",FrozenVegetables,No Frills
Cauliflower Riced Veggies,5.29,"340 g, $1.56/100g",FrozenVegetables,No Frills
Frozen Okra,2.99,"400 g, $0.75/100g",FrozenVegetables,No Frills
Bittermelon Leaves,1.99,"227 g, $0.88/100g",FrozenVegetables,No Frills
Kosher Broccoli Cuts,8.99,"680 g, $1.32/100g",FrozenVegetables,No Frills
Kosher Cauliflower Florets,8.99,"680 g, $1.32/100g",FrozenVegetables,No Frills
Edamame Pods,15.49,"2.7 kg, $0.57/100g",FrozenVegetables,No Frills
Riced Ready Veggie California Blend,5.00,"500 g, $1.00/100g",FrozenVegetables,No Frills
"Ready Veggie Fries – Carrot, Parsnip & Beet",5.00,"500 g, $1.00/100g",FrozenVegetables,No Frills
Frozen Cooked Soy Beans,2.29,"454 g, $0.50/100g",FrozenVegetables,No Frills
Guar Cluster Bean,1.99,"300 g, $0.66/100g",FrozenVegetables,No Frills
Whole Baby Okra,1.79,"300 g, $0.60/100g",FrozenVegetables,No Frills
Broccoli Chopped ,9.49,"680 g, $1.40/100g",FrozenVegetables,No Frills
Cauliflower & Onions With Garlic Butter,5.29,"340 g, $1.56/100g",FrozenVegetables,No Frills
"Whole Okra, Bhindi",4.00,"1 kg, $0.40/100g",FrozenVegetables,No Frills
Whole Baby Okra,1.79,"300 g, $0.60/100g",FrozenVegetables,No Frills
Organic Butternut Squash Chunks,4.50,"400 g, $1.13/100g",FrozenVegetables,No Frills
Butternut Squash Diced ,5.99,"680 g, $0.88/100g",FrozenVegetables,No Frills
Kosher Broccoli Florets     ,12.49,"672 g, $1.86/100g",FrozenVegetables,No Frills
Brussel Sprouts with Butter Sauce,2.99,"250 g, $1.20/100g",FrozenVegetables,No Frills
Frozen Edamame,2.99,"454 g, $0.66/100g",FrozenVegetables,No Frills
Garden Vegetable Blend,9.99,"1.75 kg, $0.57/100g",FrozenVegetables,No Frills
Brussels Sprouts,4.50,"500 g, $0.90/100g",FrozenVegetables,No Frills
Bean Curd Miso,1.29,"113 g, $1.14/100g",FrozenVegetables,No Frills
Cassava Leaves Ground,1.49,"454 g, $0.33/100g",FrozenVegetables,No Frills
Small Sweet Peas,4.50,"500 g, $0.90/100g",FrozenVegetables,No Frills
Organic Whole Kernel Corn,4.50,"500 g, $0.90/100g",FrozenVegetables,No Frills
Grilled Ready Veggie Brussels Sprouts with Fried Beets and Onions,5.00,"450 g, $1.11/100g",FrozenVegetables,No Frills
Karela ,1.79,"300 g, $0.60/100g",FrozenVegetables,No Frills
Cubed Paneer,5.99,"400 g, $1.50/100g",FrozenVegetables,No Frills
Kosher Chopped Broccoli,8.99,"680 g, $1.32/100g",FrozenVegetables,No Frills
Strawberry,8.99,"454 g, $1.98/100g",FrozenVegetables,No Frills
Banana Leaves,1.79,"454 g, $0.39/100g",FrozenVegetables,No Frills
Vegetable Medley Club Size,11.99,"1.5 kg, $0.80/100g",FrozenVegetables,No Frills
Frozen Broccoli Cut    ,12.49,"672 g, $1.86/100g",FrozenVegetables,No Frills
Kosher Broccoli Florets,8.99,"680 g, $1.32/100g",FrozenVegetables,No Frills
Whole Baby Carrots,3.49,"500 g, $0.70/100g",FrozenVegetables,No Frills
Ready Veggie Cuts Sweet Potato,5.00,"350 g, $1.43/100g",FrozenVegetables,No Frills
Marble Cheddar Cheese Slices,3.99,"240 g, $1.66/100g",cheese,No Frills
"Medium Cheddar Cheese Slices, 12 units",3.99,"240 g, $1.66/100g",cheese,No Frills
Farmer's Marble Cheese,7.89,"700 g, $1.13/100g",cheese,No Frills
Triple Cheddar Shredded Cheese Blend,4.44,"320 g, $1.39/100g",cheese,No Frills
"Cheestrings Marble Cheese, 16 units",5.79,"336 g, $1.72/100g",cheese,No Frills
Pasteurized Cream Cheese,3.00,"250 g, $1.20/100g",cheese,No Frills
Singles Original Slices,5.79,"410 g, $1.41/100g",cheese,No Frills
Original Cream Cheese Product,3.99,"227 g, $1.76/100g",cheese,No Frills
Original Brick Cream Cheese,3.99,"250 g, $1.60/100g",cheese,No Frills
Pizza Mozzarella Shredded Cheese,4.44,"320 g, $1.39/100g",cheese,No Frills
"Swiss Cheese Slices, 11 units",3.99,"220 g, $1.81/100g",cheese,No Frills
Old Cheddar Cheese,7.89,"700 g, $1.13/100g",cheese,No Frills
"Cottage Cheese, 2% M.F.",3.89,"500 g, $0.78/100g",cheese,No Frills
"Processed cheddar cheese slices, 22 units",2.49,"410 g, $0.61/100g",cheese,No Frills
"Pizza Mozzarella Cheese, 28% MF",7.89,"700 g, $1.13/100g",cheese,No Frills
Tex Mex Shredded Cheese Blend,4.44,"320 g, $1.39/100g",cheese,No Frills
Marble Cheddar Cheese Slices,4.50,"230 g, $1.96/100g",cheese,No Frills
"Old White Cheddar Cheese Slices, 11 units",3.99,"200 g, $2.00/100g",cheese,No Frills
Herb & Garlic Cream Cheese Product,3.99,"227 g, $1.76/100g",cheese,No Frills
Shredded Mozzarella,5.99,"320 g, $1.87/100g",cheese,No Frills
Lactose Free Marble Cheddar ,6.99,"400 g, $1.75/100g",cheese,No Frills
Grated Cheese Parmesan 31% M.F.,7.99,"250 g, $3.20/100g",cheese,No Frills
Singles Original Thick Slices,5.79,"410 g, $1.41/100g",cheese,No Frills
Extra Old White Cheddar,6.99,"400 g, $1.75/100g",cheese,No Frills
"Cottage Cheese, 2%",4.59,"500 ml, $0.92/100ml",cheese,No Frills
"Mozzarella and cheddar cheese stix, 22% M.F, 12 units",7.29,"228 g, $3.20/100g",cheese,No Frills
"Havarti Cheese Slices, 11 units",3.99,"220 g, $1.81/100g",cheese,No Frills
Medium Cheddar Cheese,7.89,"700 g, $1.13/100g",cheese,No Frills
Original Cream Cheese Product,6.99,"340 g, $2.06/100g",cheese,No Frills
Shredded Nacho Cheese Blend,5.99,"320 g, $1.87/100g",cheese,No Frills
Singles Original Slices,11.49,"825 g, $1.39/100g",cheese,No Frills
Whipped Original Cream Cheese Product,3.99,"227 g, $1.76/100g",cheese,No Frills
"Light Medium Cheddar Cheese Slices, 12 units",3.99,"240 g, $1.66/100g",cheese,No Frills
"Cheestrings Marble Cheese, 28 units",13.49,"588 g, $2.29/100g",cheese,No Frills
1% M.F. Cottage Cheese ,5.79,"750 g, $0.77/100g",cheese,No Frills
Swiss Cheese Slices,4.50,"210 g, $2.14/100g",cheese,No Frills
Ready Whip ,5.49,"250 g, $2.20/100g",cheese,No Frills
Whipping Cream ,7.99,"1000 ml, $0.80/100ml",cheese,No Frills
"Grated Cheese, 100% Parmesan",7.99,"200 g, $4.00/100g",cheese,No Frills
Malai Paneer 20% M.F.,4.77,"375 g, $1.27/100g",cheese,No Frills
Original Light Cream Cheese Product,6.99,"340 g, $2.06/100g",cheese,No Frills
Double Cheddar Shredded Cheese,8.79,"320 g, $2.75/100g",cheese,No Frills
Monterey Jack Sliced Cheese,5.49,"210 g, $2.61/100g",cheese,No Frills
"Tre Stelle Creamy Cheese Spread, Lactose Free",3.49,"200 g, $1.75/100g",cheese,No Frills
Cream Cheese Product With Strawberries,3.00,"227 g, $1.32/100g",cheese,No Frills
Gouda Sliced Cheese,5.49,"210 g, $2.61/100g",cheese,No Frills
Smoke Flavoured Provolone Style Slices,5.29,"200 g, $2.65/100g",cheese,No Frills
Gouda Cheese,6.99,"400 g, $1.75/100g",cheese,No Frills
Cream Cheese Product With Strawberries,3.00,"227 g, $1.32/100g",cheese,No Frills
Gouda Sliced Cheese,5.49,"210 g, $2.61/100g",cheese,No Frills
Smoke Flavoured Provolone Style Slices,5.29,"200 g, $2.65/100g",cheese,No Frills
Gouda Cheese,6.99,"400 g, $1.75/100g",cheese,No Frills
Mozzarella Style Shreds,7.29,"200 g, $3.65/100g",cheese,No Frills
Cream Cheese Spread with Everything Bagel Seasoning,3.00,"227 g, $1.32/100g",cheese,No Frills
Light Cream Cheese Spread,3.99,"250 g, $1.60/100g",cheese,No Frills
Chive Whipped Cream Cheese Product,3.99,"227 g, $1.76/100g",cheese,No Frills
Salad Topper Shredded Cheese Blend,4.44,"300 g, $1.48/100g",cheese,No Frills
"Herb & Garlic Cheddar Cheese Slices, 11 units",3.99,"200 g, $2.00/100g",cheese,No Frills
Shreded Old Cheddar,4.44,"320 g, $1.39/100g",cheese,No Frills
Light Original Cream Cheese Product,3.99,"227 g, $1.76/100g",cheese,No Frills
"Cheestrings Mozzarella Cheese, 16 units",5.79,"336 g, $1.72/100g",cheese,No Frills
Paneer,5.29,"350 g, $1.51/100g",cheese,No Frills
Medium Cheddar Cheese Slices,4.50,"230 g, $1.96/100g",cheese,No Frills
"Cream Cheese Spread, Original",5.79,"450 g, $1.29/100g",cheese,No Frills
Havarti Cheese,6.99,"400 g, $1.75/100g",cheese,No Frills
Thick Processed Cheddar Cheese Slices,2.49,"410 g, $0.61/100g",cheese,No Frills
Bar Pizza Mozzerella 28%,4.44,"400 g, $1.11/100g",cheese,No Frills
Euro Style Cream Cheese Spread 25% M.F.,7.99,"500 g, $1.60/100g",cheese,No Frills
"Old Cheddar Cheese, Club Size",30.99,"2.27 kg, $1.37/100g",cheese,No Frills
2% Cottage Cheese,6.49,"1 kg, $0.65/100g",cheese,No Frills
Kosher Premium Sliced Cheese Pepper Jack,8.99,"150 g, $5.99/100g",cheese,No Frills
Pizza Mozzarella Cheese,4.19,"200 g, $2.10/100g",cheese,No Frills
Cottage Cheese Pressed 0.8 % M.F.,10.99,"500 g, $2.20/100g",cheese,No Frills
Sour Cream 14% B.F.,3.49,"500 g, $0.70/100g",cheese,No Frills
2% M.F. Cottage Cheese ,4.00,"500 g, $0.80/100g",cheese,No Frills
"Medium Cheddar Cheese, Light",7.89,"700 g, $1.13/100g",cheese,No Frills
Light Marble Cheddar Cheese,4.19,"200 g, $2.10/100g",cheese,No Frills
Polski Twaróg 0.8% M.F.,7.49,"750 g, $1.00/100g",cheese,No Frills
Sour Cream Dip Nacho Queso Supreme,2.49,"250 g, $1.00/100g",cheese,No Frills
Light Medium Cheddar Cheese,4.19,"200 g, $2.10/100g",cheese,No Frills
1 % M.F. Light Cottage Cheese,6.79,"750 g, $0.91/100g",cheese,No Frills
Mozzarella 100% Real Cheese Slices ,4.50,"230 g, $1.96/100g",cheese,No Frills
Plant Based Coconut Cream Cheese-Style Spread,3.39,"227 g, $1.49/100g",cheese,No Frills
Cream Cheese Spread with Herbs & Roasted Garlic,4.89,"340 g, $1.44/100g",cheese,No Frills
Paneer,5.99,"341 g, $1.76/100g",cheese,No Frills
Tex Mex Shredded Cheese,8.79,"320 g, $2.75/100g",cheese,No Frills
Light Original Cream Cheese Product,3.00,"227 g, $1.32/100g",cheese,No Frills
"Habanero Monterey Jack Cheese Slices, 11 units",3.99,"200 g, $2.00/100g",cheese,No Frills
"Shredded Natural Cheese Triple Cheddar, 31 % M.F.",4.44,"320 g, $1.39/100g",cheese,No Frills
"Monterey Jack Jalapeno Pepper Cheese Slices, 11 units",3.99,"220 g, $1.81/100g",cheese,No Frills
Mozzarellissima,7.99,"500 g, $1.60/100g",cheese,No Frills
Tre Stelle Cream Cheese Original    ,3.49,"200 g, $1.75/100g",cheese,No Frills
Mixed Berry Whipped Cream Cheese Product,3.99,"227 g, $1.76/100g",cheese,No Frills
"Natural Cheese Sticks Marble Cheddar, 12 units",5.79,"252 g, $2.30/100g",cheese,No Frills
Medium Cheddar Light,4.44,"400 g, $1.11/100g",cheese,No Frills
Old Cheddar Light,4.44,"400 g, $1.11/100g",cheese,No Frills
"Natural Cheese Sticks Marble Cheddar, 12 units",5.79,"252 g, $2.30/100g",cheese,No Frills
Mixed Berry Whipped Cream Cheese Product,3.99,"227 g, $1.76/100g",cheese,No Frills
"Habanero Monterey Jack Cheese Slices, 11 units",3.99,"200 g, $2.00/100g",cheese,No Frills
"Shredded Natural Cheese Triple Cheddar, 31 % M.F.",4.44,"320 g, $1.39/100g",cheese,No Frills
"Monterey Jack Jalapeno Pepper Cheese Slices, 11 units",3.99,"220 g, $1.81/100g",cheese,No Frills
Light Old Cheddar Cheese ,7.89,"700 g, $1.13/100g",cheese,No Frills
"Medium Cheddar Cheese, Club Size",30.99,"2.27 kg, $1.37/100g",cheese,No Frills
Cottage Cheese Pressed Skim 0.8 % M.F.,7.49,"500 g, $1.50/100g",cheese,No Frills
Fresh Baker's Cheese Deluxe 10% M.F.,16.99,"1 kg, $1.70/100g",cheese,No Frills
Marble Cheddar Cheese  ,30.99,"2.27 kg, $1.37/100g",cheese,No Frills
Stringable Cheese Marble,7.99,"336 g, $2.38/100g",cheese,No Frills
Pasteurized Light Cream Cheese Spread,3.00,"250 g, $1.20/100g",cheese,No Frills
Lactose Free Old Yellow Cheddar Cheese,6.99,"400 g, $1.75/100g",cheese,No Frills
Herb & Garlic Cream Cheese Product,6.99,"340 g, $2.06/100g",cheese,No Frills
"Organic Cheese, Medium Cheddar",6.99,"200 g, $3.50/100g",cheese,No Frills
"Light Cream Cheese Spread, Original",5.79,"450 g, $1.29/100g",cheese,No Frills
Old Cheddar Cheese,4.19,"200 g, $2.10/100g",cheese,No Frills
Old Cheddar Cheese Slices ,4.50,"210 g, $2.14/100g",cheese,No Frills
"Medium cheddar natural cheese sticks, 12 units",5.79,"252 g, $2.30/100g",cheese,No Frills
Shredded Natural Cheese Pizza Mozzarella,4.44,"320 g, $1.39/100g",cheese,No Frills
Shaved Cheese 100% Parmesan 27% M.F.,7.99,"0.141 kg, $5.67/100g",cheese,No Frills
Light Cream Cheese,8.49,"450 g, $1.89/100g",cheese,No Frills
Shredded Mozzarella Cheese,15.49,"900 g, $1.72/100g",cheese,No Frills
Mozzarella cheddar Shredded Cheese,8.79,"320 g, $2.75/100g",cheese,No Frills
Shredded Medium Cheddar,5.99,"320 g, $1.87/100g",cheese,No Frills
Lactose Free Mozzarellissima,7.99,"500 g, $1.60/100g",cheese,No Frills
Shredded Cheese Parmesan 27% M.F.,9.99,"0.2 kg, $5.00/100g",cheese,No Frills
Shredded Nacho Cheese Blend,15.49,"900 g, $1.72/100g",cheese,No Frills
"Organic Cheese, Marble Cheddar",6.99,"200 g, $3.50/100g",cheese,No Frills
Quark Cheese Organic Skim 0.6% M.F.,5.49,"500 g, $1.10/100g",cheese,No Frills
Mozzarella,6.99,"200 g, $3.50/100g",cheese,No Frills
"Cheese, Process Product Extra Cheddar",10.49,"785 g, $1.34/100g",cheese,No Frills
"Cottage Cheese, 2%",6.79,"750 g, $0.91/100g",cheese,No Frills
Kosher Premium Sliced Cheese Muenster,8.99,"150 g, $5.99/100g",cheese,No Frills
"Cottage Cheese, 1%",4.59,"500 ml, $0.92/100g",cheese,No Frills
Light Grated Parmesan Cheese 23% M.F.,7.99,"250 g, $3.20/100g",cheese,No Frills
Kosher Premium Gouda Sliced Cheese Chives,8.99,"125 g, $7.19/100g",cheese,No Frills
"Pizza Mozzarella Cheese, Light 18% MF",7.89,"700 g, $1.13/100g",cheese,No Frills
Cheddar Flavour Processed Cheese Product Slices,8.99,"800 g, $1.12/100g",cheese,No Frills
"Cheestrings Marble Lactose-Free Cheese, 12 units",5.79,"252 g, $2.30/100g",cheese,No Frills
Light Herb & Garlic Cream Cheese,3.99,"227 g, $1.76/100g",cheese,No Frills
Lactose Free Plain Cream Cheese ,4.39,"250 g, $1.76/100g",cheese,No Frills
Shredded Cheddar & Monterey Jack Cheese Blend,15.49,"900 g, $1.72/100g",cheese,No Frills
Cheddar Style Shreds,7.29,"200 g, $3.65/100g",cheese,No Frills
Shredded Part Skimmed Mozzarella,5.99,"320 g, $1.87/100g",cheese,No Frills
Cream Cheese Spread ,3.00,"227 g, $1.32/100g",cheese,No Frills
Farmer's Marble Cheese ,4.19,"200 g, $2.10/100g",cheese,No Frills
Cheese Sticks Stringable Marble,11.99,"588 g, $2.04/100g",cheese,No Frills
Original Cream Cheese,6.99,"227 g, $3.08/100g",cheese,No Frills
Mature Cheddar Style Slices,5.29,"200 g, $2.65/100g",cheese,No Frills
Original Cream Cheese Spread ,4.89,"340 g, $1.44/100g",cheese,No Frills
Fat Free Sour Cream,1.99,"500 ml, $0.40/100ml",cheese,No Frills
Monterey Jack Cheese With Jalapeño,6.99,"400 g, $1.75/100g",cheese,No Frills
Smoked Salmon Cream Cheese Product,3.99,"227 g, $1.76/100g",cheese,No Frills
Nacho Cheese Blend Shredded Mild Light 20% M.F.,5.99,"320 g, $1.87/100g",cheese,No Frills
Original Cream Cheese Product,8.49,"450 g, $1.89/100g",cheese,No Frills
"Old Cheddar Cheese, Cashews & Cranberries Combo, 3 units",5.49,"127.6 g, $4.30/100g",cheese,No Frills
Light Marble Cheddar Cheese 19% M.F.,7.89,"700 g, $1.13/100g",cheese,No Frills
Shredded Natural Cheese Tex Mex,4.44,"320 g, $1.39/100g",cheese,No Frills
Lactose Free Nacho Shredded Cheese Blend,4.44,"320 g, $1.39/100g",cheese,No Frills
Signature Smoked Cheddar Cheese,3.99,"200 g, $2.00/100g",cheese,No Frills
Medium Cheddar Cheese,4.44,"400 g, $1.11/100g",cheese,No Frills
Fresh Baker's Special Superior Baking Cheese 4% M.F.,7.49,"1 kg, $0.75/100g",cheese,No Frills
Kosher Premium Edam Sliced Cheese ,8.99,"150 g, $5.99/100g",cheese,No Frills
Singles Original Light,5.79,"410 g, $1.41/100g",cheese,No Frills
Smoked Salmon Cream Cheese Product,6.99,"340 g, $2.06/100g",cheese,No Frills
Kosher Premium Gouda Sliced Cheese Classic,8.99,"150 g, $5.99/100g",cheese,No Frills
2% M.F. Cottage Cheese ,5.79,"750 g, $0.77/100g",cheese,No Frills
Kosher Sliced Goat Cheese,8.99,"125 g, $7.19/100g",cheese,No Frills
"Cheese, Pizza Mozzarella",30.99,"2.4 kg, $1.29/100g",cheese,No Frills
Cheddar Flavour Processed Cheese Product Slices,4.49,"400 g, $1.12/100g",cheese,No Frills
Cream Cheese Spread with Herbs & Roasted Garlic,3.00,"227 g, $1.32/100g",cheese,No Frills
Cream Cheese Product With Jalapeño ,3.00,"227 g, $1.32/100g",cheese,No Frills
Strawberry Cream Cheese Product,3.99,"227 g, $1.76/100g",cheese,No Frills
Shredded Farmer's Marble Cheese,5.99,"320 g, $1.87/100g",cheese,No Frills
"Marble Cheddar Cheese, Almonds & Cranberries Combo, 3 units",5.49,"127.6 g, $4.30/100g",cheese,No Frills
Greek Yogurt Tzatziki Dip,3.69,"227 g, $1.63/100g",cheese,No Frills
Light Original Cream Cheese Spread,4.89,"340 g, $1.44/100g",cheese,No Frills
Shredded Marble Farmer's Cheese,15.49,"900 g, $1.72/100g",cheese,No Frills
Naturally Lactose-Free Swiss Cheese ,6.99,"300 g, $2.33/100g",cheese,No Frills
Lactose Free Old Cheddar Cheese Slices,5.49,"210 g, $2.61/100g",cheese,No Frills
Marble Cheddar,4.44,"400 g, $1.11/100g",cheese,No Frills
Bar Old Cheddar,4.44,"400 g, $1.11/100g",cheese,No Frills
Marble Cheddar Light,4.44,"400 g, $1.11/100g",cheese,No Frills
Montreal Steak Spice Seasoned Pizza Mozzarella and Cheddar Cheese Blend,4.44,"320 g, $1.39/100g",cheese,No Frills
Pizza Mozzarella and Cheddar Shredded Cheese Blend,4.44,"320 g, $1.39/100g",cheese,No Frills
Pizza Mozz Light 18%,4.44,"400 g, $1.11/100g",cheese,No Frills
"Plain Yogurt 6%, Balkan Style",2.99,"750 g, $0.40/100g",yogurt,No Frills
"Yogurt With Probiotics, Vanilla Flavour",4.39,"650 g, $0.68/100g",yogurt,No Frills
Plain Greek Yogurt 0%,5.00,"750 g, $0.67/100g",yogurt,No Frills
"Nano Drinkable Yogurt, Strawberry 1%",3.33,"6x93.0 ml, $0.60/100ml",yogurt,No Frills
"Greek 0% Yogurt, Plain, High Protein",7.49,"750 g, $1.00/100g",yogurt,No Frills
Plain Greek Yogurt Club Size 2% M.F.,6.79,"1 kg, $0.68/100g",yogurt,No Frills
"Yogurt With Probiotics, Vanilla Flavour",3.99,"8x100.0 g, $0.50/100g",yogurt,No Frills
"Greek Yogurt, Key Lime Flavour, 2% M.F., Blended",3.33,"4x100.0 g, $0.83/100g",yogurt,No Frills
Greek Yogurt Plain Flavour 2% ,5.00,"750 g, $0.67/100g",yogurt,No Frills
"Probiotic Yogurt, Strawberry/Blueberry/Raspberry/Peach Flavour",5.50,"12x100.0 g, $0.46/100g",yogurt,No Frills
"Fat Free Greek Yogurt, High Protein, Plain, 0% M.F.",7.49,"650 g, $1.15/100g",yogurt,No Frills
"Tubes Zoo, Strawberry",3.19,"448 g, $0.71/100g",yogurt,No Frills
"Nano Drinkable Yogurt, Vanilla 1%",3.33,"6x93.0 ml, $0.60/100ml",yogurt,No Frills
"Greek Yogurt, Vanilla Flavour, 2% M.F.,  Blended",3.33,"4x100.0 g, $0.83/100g",yogurt,No Frills
Skyr Yogurt Plain 0%.  High Protein,6.49,"750 g, $0.87/100g",yogurt,No Frills
"Fat Free Greek Yogurt, Plain, No Added Sugar Value Tub",7.49,"750 g, $1.00/100g",yogurt,No Frills
"Greek Yogurt, Banana Flavour, Blended, 2% Mf, 4X100G",3.33,"4x100.0 g, $0.83/100g",yogurt,No Frills
Tubes Yogurt 1% M.F. Strawberry Banana & Fruit Punch,3.19,"448 g, $0.71/100g",yogurt,No Frills
"Greek 2% Yogurt, Plain, High Protein",7.49,"750 g, $1.00/100g",yogurt,No Frills
"Nano Drinkable Yogurt, Peach 1%",3.33,"6x93.0 ml, $0.60/100ml",yogurt,No Frills
"Fat Free Greek Yogurt, Peach-Mango Flavour, Fruit On The Bottom, 0% M.F.",3.33,"4x100.0 g, $0.83/100g",yogurt,No Frills
"Greek Yogurt, Strawberry Flavour, Fruit On The Bottom, 2% M.F.",3.33,"4x100.0 g, $0.83/100g",yogurt,No Frills
"Yop 1% Drinkable Yogurt Pack, Strawberry, Blueberry, Raspberry, and Strawberry Banana, Yogurt Drinks",10.99,"12x200.0 ml, $0.46/100ml",yogurt,No Frills
"Nano Drinkable Yogurt, Raspberry 1%",3.33,"6x93.0 ml, $0.60/100ml",yogurt,No Frills
"Source 0% Smooth Traditional Yogurt Cups Variety Pack, No Added Sugar",6.99,"16x100.0 g, $0.44/100g",yogurt,No Frills
"Yogurt With Probiotics, Strawberry Flavour",4.39,"650 g, $0.68/100g",yogurt,No Frills
"High Protein Greek Yogurt, Vanilla Flavour, Blended, Value Tub",7.49,"650 g, $1.15/100g",yogurt,No Frills
"Greek Yogurt, Plain, No Added Sugar, 2% Mf, Value Tub",7.49,"750 g, $1.00/100g",yogurt,No Frills
"Yop 1% Drinkable Yogurt, Strawberry Banana, Yogurt Drink",1.00,"200 ml, $0.50/100ml",yogurt,No Frills
"Yop 1% Drinkable Yogurt, Strawberry, Yogurt Drink",1.00,"200 ml, $0.50/100ml",yogurt,No Frills
"Yogurt 1.5% M.F. Variety Pack - Strawberry,Raspberry, Blueberry & Vanilla",6.29,"16x100.0 g, $0.39/100g",yogurt,No Frills
"Yogurt With Probiotics, Raspberry Flavour",4.39,"650 g, $0.68/100g",yogurt,No Frills
"Nano Drinkable Yogurt, Lactose Free, Strawberry-Banana 1%",3.33,"6x93.0 ml, $0.60/100g",yogurt,No Frills
"Nano Drinkable Yogurt, Banana 1%",3.33,"6x93.0 ml, $0.60/100ml",yogurt,No Frills
"Greek Yogurt, Raspberry-Pomegramate Flavour, Fruit On Bottom, 2% M.F.,",3.33,"4x100.0 g, $0.83/100g",yogurt,No Frills
"Yop 3% Minigo Duo, Variety Pack, Kids Snack",3.19,"6x60.0 g, $0.89/100g",yogurt,No Frills
Tubes Yogurt Mixed Berry Flavour 1% M.F.,3.19,"448 g, $0.71/100g",yogurt,No Frills
"Yogurt With Probiotics, Cherry Flavour",4.39,"650 g, $0.68/100g",yogurt,No Frills
"Source 0% Smooth Traditional Yogurt, Vanilla, No Added Sugar",3.39,"630 g, $0.54/100g",yogurt,No Frills
"Greek Yogurt, Blueberry Flavour, Fruit On The Bottom, 2% M.F.",3.33,"4x100.0 g, $0.83/100g",yogurt,No Frills
"Yop 1% Drinkable Yogurt Limited Edition, Yogurt Drink",1.00,"200 ml, $0.50/100ml",yogurt,No Frills
"Yop 1% Drinkable Yogurt, Vanilla, Yogurt Drink",1.00,"200 ml, $0.50/100ml",yogurt,No Frills
Vanilla Greek Yogurt,5.00,"750 g, $0.67/100g",yogurt,No Frills
Tubes Yogurt Vanilla Flavour 1% M.F.,3.19,"448 g, $0.71/100g",yogurt,No Frills
"Fat Free Greek Yogurt, Cherry Flavour, Fruit On The Bottom, 0% M.F.",3.33,"4x100.0 g, $0.83/100g",yogurt,No Frills
"Yogurt With Probiotics, Blueberry Flavour",4.39,"650 g, $0.68/100g",yogurt,No Frills
Vanilla Greek Yogurt 0% Club Size ,6.79,"1 kg, $0.68/100g",yogurt,No Frills
"Probiotic Yogurt, Raspberry/Apple/Blackberry/Strawberry Flavour, 12XG",5.50,"12x100.0 g, $0.46/100g",yogurt,No Frills
Yogurt With Probiotics Lemon Flavour,4.39,"650 g, $0.68/100g",yogurt,No Frills
"Probiotics Yogurt, Yellow Apple/Apricot/Mango/Peach",5.50,"12x100.0 g, $0.46/100g",yogurt,No Frills
"Organic Greek Yogurt, Plain 4%",6.99,"650 g, $1.08/100g",yogurt,No Frills
No Fat Yogurt-Plain,13.49,"1.75 kg, $0.77/100g",yogurt,No Frills
"Organic Kefir, Strawberry",12.49,"2 l, $0.62/100ml",yogurt,No Frills
3.25% M.F. Dahi Yogurt,2.79,"750 g, $0.37/100g",yogurt,No Frills
Huslanka 3.25% M.F.,3.99,"750 ml, $0.53/100ml",yogurt,No Frills
Stirred Yogurts 0 % M.F.,5.79,"12x100.0 g, $0.48/100g",yogurt,No Frills
Probiotics Yogurt Fiber Plain,4.39,"625 g, $0.70/100g",yogurt,No Frills
"Source 0% Smooth Traditional Yogurt Cups Variety Pack, No Added Sugar",6.99,"16x100.0 g, $0.44/100g",yogurt,No Frills
"Source 0% Smooth Traditional Yogurt, Raspberry, No Added Sugar",3.39,"630 g, $0.54/100g",yogurt,No Frills
"Probiotic Smoothie, Blueberry Banana",2.49,"190 ml, $1.31/100ml",yogurt,No Frills
"Greek 5% Extra Creamy Yogurt, Vanilla Bean, High Protein",7.49,"650 g, $1.15/100g",yogurt,No Frills
"Plain Yogurt 0%, Balkan Style",2.99,"750 g, $0.40/100g",yogurt,No Frills
Black Cherry Stirred 1% M.F. Yogurt,3.19,"650 g, $0.49/100g",yogurt,No Frills
"Creamy Stirred Yogurt Cups - Strawberry, Raspberry, Blueberry & Peach ",7.29,"16x100.0 g, $0.46/100g",yogurt,No Frills
"Organic Greek Yogurt, Plain",5.99,"500 g, $1.20/100g",yogurt,No Frills
Méditerranée Yogourt Mango 9 % M.F.,2.99,"500 g, $0.60/100g",yogurt,No Frills
"Yogurt With Probiotics, Mango Flavour Tub",4.39,"650 g, $0.68/100g",yogurt,No Frills
"Yogurt, 1.5% Strawberry-Vanilla, Strawberry-Banana, Strawberry-Raspberry, Strawberry-Peach",6.29,"16x100.0 g, $0.39/100g",yogurt,No Frills
"Source 0% Smooth Traditional Yogurt, Strawberry, No Added Sugar",3.39,"630 g, $0.54/100g",yogurt,No Frills
"Skyr Yogurt Vanilla 0%, High Protein",6.49,"750 g, $0.87/100g",yogurt,No Frills
"Yop 1.5% Drinkable Yogurt Pack, Strawberry Banana, Yogurt Drinks, No Added Sugar",7.99,"8x93.0 ml, $1.07/100ml",yogurt,No Frills
Greek Vanilla Large Size 2 % M.F. Yogourt,8.29,"1 kg, $0.83/100g",yogurt,No Frills
"Probiotic Yogurt, Mixed Berries, Drinkable Yogurt, 8 Pack",7.49,"8x93.0 ml, $1.01/100ml",yogurt,No Frills
"Creamy 1% Smooth Traditional Yogurt Cups, Variety Pack with Real Fruit Puree",6.99,"16x100.0 g, $0.44/100g",yogurt,No Frills
"Yop 1% Drinkable Yogurt, Fruity, Yogurt Drink",1.00,"200 ml, $0.50/100ml",yogurt,No Frills
Blueberry Greek Yogurt,5.00,"750 g, $0.67/100g",yogurt,No Frills
"Fat Free Greek Yogurt, 30% Less Sugar, Vanilla Flavour, Blended",3.33,"4x100.0 g, $0.83/100g",yogurt,No Frills
"Cappuccino Yogurt 6%, Balkan Style",2.99,"650 g, $0.46/100g",yogurt,No Frills
"Organic Yogurt, Plain 3.5%",13.49,"1.75 kg, $0.77/100g",yogurt,No Frills
"Cultured Coconut Milk Plain, Unsweetened",5.79,"680 g, $0.85/100g",yogurt,No Frills
"Source 0% Smooth Traditional Yogurt, Cherry, No Added Sugar",3.39,"630 g, $0.54/100g",yogurt,No Frills
"Probiotic Smoothie, Mango, Peach & Carrot, Drinkable Yogurt",2.49,"190 ml, $1.31/100ml",yogurt,No Frills
"Yop 1% Drinkable Yogurt, Blueberry, Yogurt Drink",1.00,"200 ml, $0.50/100ml",yogurt,No Frills
"Yop 3% Minigo Duo, Variety Pack, Kids Snack",3.19,"6x60.0 g, $0.89/100g",yogurt,No Frills
"Greek 2% Extra Fruit Black Cherry Raspberry, High Protein",7.49,"650 g, $1.15/100g",yogurt,No Frills
"1% Kefir, Plain",4.99,"1000 ml, $0.50/100ml",yogurt,No Frills
"Yop 1% Drinkable Yogurt, Strawberry Raspberry, Lactose Free Yogurt Drink",1.00,"200 ml, $0.50/100ml",yogurt,No Frills
Strawberry Watermelon Cream Pop  2% Greek Yogurt ,3.49,"400 g, $0.87/100g",yogurt,No Frills
Méditerranée Yogourt Key Lime Pie 9 % M.F.,2.99,"500 g, $0.60/100g",yogurt,No Frills
Tubes Yogurt Raspberry Flavour 1% M.F.,3.19,"448 g, $0.71/100g",yogurt,No Frills
"Yogurt With Probiotics, Strawberry Vanilla Flavour",3.99,"8x100.0 g, $0.50/100g",yogurt,No Frills
"Protein Plant-Based Yogurt, Key Lime Flavoured",5.99,"500 g, $1.20/100g",yogurt,No Frills
Blueberry Kefir 2.4 % M.F.,4.99,"1 l, $0.50/100ml",yogurt,No Frills
"Organic Yogurt, Strawberry 3%",4.79,"650 g, $0.74/100g",yogurt,No Frills
Kefir 3.9 % M.F.,4.99,"1 l, $0.50/100ml",yogurt,No Frills
2% M.F. Dahi Yogurt,2.79,"750 g, $0.37/100g",yogurt,No Frills
Tre Stelle Organic Cream Cheese Spread,4.79,"200 g, $2.40/100g",yogurt,No Frills
"Krema Yogurt, Plain 10%",4.79,"650 g, $0.74/100g",yogurt,No Frills
Strawberry Stirred 1% M.F. Yogurt,3.19,"650 g, $0.49/100g",yogurt,No Frills
"Greek Yogurt, Strawberry-Banana Flavour, Blended, 2% M.F.",3.33,"4x100.0 g, $0.83/100g",yogurt,No Frills
"Two Good, Plain Low Sugar Yogurt, 1g sugar, 9g Protein",3.99,"625 g, $0.64/100g",yogurt,No Frills
"0% Yogurt Zero, Strawberry, Blueberry, Peach, and Vanilla",6.29,"16x100.0 g, $0.39/100g",yogurt,No Frills
"Plant Based Cultured Coconut Milk Yogurt Alternative, Plain",4.49,"500 g, $0.90/100g",yogurt,No Frills
Organic 14% M.F. Sour Cream,5.49,"500 g, $1.10/100g",yogurt,No Frills
Banana 2% M.F. Greek Yogurt,3.49,"4x100.0 g, $0.87/100g",yogurt,No Frills
"0% M.F. Greek Yogurt, Coconut",5.00,"750 g, $0.67/100g",yogurt,No Frills
Source Yogurt Vanilla 0% M.F.,4.19,"400 g, $1.05/100g",yogurt,No Frills
"Yogurt With Probiotics, Coconut Flavour",4.39,"650 g, $0.68/100g",yogurt,No Frills
"Greek Yogurt, Strawberry Raspberry, Fruit On The Bottom, 2% M.F.",3.33,"4x100.0 g, $0.83/100g",yogurt,No Frills
"Danino Raspberry Flavoured Drinkable Yogurt, 6 bottles",4.39,"558 ml, $0.79/100ml",yogurt,No Frills
"Immune System, Probiotic Drinkable Yogurt, Peach, 8 Bottles",7.49,"8x93.0 ml, $1.01/100ml",yogurt,No Frills
1% Plain Stirred Yogurt,5.29,"1 kg, $0.53/100g",yogurt,No Frills
"Skyr Yogurt Vanilla 2%, High Protein, 4 units",4.99,"400 g, $1.25/100g",yogurt,No Frills
"Greek 0% Lactose Free Yogurt, Vanilla, High Protein",8.29,"1000 g, $0.83/100g",yogurt,No Frills
"Organic Yogurt, Vanilla 3%",13.49,"1.75 kg, $0.77/100g",yogurt,No Frills
"Creamy 1% Smooth Traditional Yogurt Cups, Variety Pack with Real Fruit Puree",6.99,"16x100.0 g, $0.44/100g",yogurt,No Frills
"Fat Free Greek Yogurt, Coconut Flavour, Blended, 0% M.F.",3.33,"4x100.0 g, $0.83/100g",yogurt,No Frills
"Organic Yogurt, Plain 3.5%",4.79,"650 g, $0.74/100g",yogurt,No Frills
"Méditerranée 9% Yogurt, Coconut",2.99,"500 g, $0.60/100g",yogurt,No Frills
"Halal Yogurt, Plain 3%",2.49,"750 g, $0.33/100g",yogurt,No Frills
Greek Yogourt Peach Passion Fruit 2 % M.F.,7.49,"650 g, $1.15/100g",yogurt,No Frills
"Méditerranée 9% Yogurt, Raspberry Cheesecake",2.99,"500 g, $0.60/100g",yogurt,No Frills
"Yop 1.5% Drinkable Yogurt Pack, Strawberry Raspberry, Yogurt Drinks, No Added Sugar",7.99,"8x93.0 ml, $1.07/100ml",yogurt,No Frills
"Yogurt With Probiotics, Plain 3.2% M/F.",4.39,"650 g, $0.68/100g",yogurt,No Frills
"Probiotic Yogurt, Blueberry/Vanilla",5.50,"12x100.0 g, $0.46/100g",yogurt,No Frills
"Yogurt With Probiotics, Stawberry Raspberry Flavour",3.99,"8x100.0 g, $0.50/100g",yogurt,No Frills
Peach Mango 2% M.F. Greek Yogurt,3.49,"4x100.0 g, $0.87/100g",yogurt,No Frills
"Extra Creamy Greek Yogurt, Key Lime, 9% M.F., Value Tub",7.49,"650 g, $1.15/100g",yogurt,No Frills
"High Protein Greek Yogurt, Strawberry-Raspberry Flavour, Blended, Value Tub",7.49,"650 g, $1.15/100g",yogurt,No Frills
"Fat Free Greek Yogurt, Vanilla Flavour, Blended, 0% M.F.",7.49,"750 g, $1.00/100g",yogurt,No Frills
"Yogurt With Probiotics, Peach Flavour Tub",4.39,"650 g, $0.68/100g",yogurt,No Frills
"0% Yogurt  Zero, Strawberry, Raspberry, Cherry, and Blueberry",6.29,"16x100.0 g, $0.39/100g",yogurt,No Frills
Kefir 3.25% M.F.,7.99,"2 kg, $0.40/100g",yogurt,No Frills
Goat Milk Kefir 3.3 % M.F.,4.99,"1 l, $0.50/100ml",yogurt,No Frills
"Organic Greek Yogurt, Vanilla 3.5%",6.99,"650 g, $1.08/100g",yogurt,No Frills
Oat Based Vegan Delight Plain,6.49,"650 g, $1.00/100g",yogurt,No Frills
"Immune System, Probiotic Yogurt Drink, Strawberry Drinkable Yogurt, 8 Pack",7.49,"8x93.0 ml, $1.01/100ml",yogurt,No Frills
"Yogurt, Mango Vanilla Cream 6%",2.99,"625 g, $0.48/100g",yogurt,No Frills
Vanilla Protein Plant-Based Yogurt,5.99,"500 g, $1.20/100g",yogurt,No Frills
"Danino Strawberry-Banana Flavoured Paw Patrol Yogurt Drink for Kids, 6x93ml",4.39,"558 ml, $0.79/100ml",yogurt,No Frills
"Greek 5% Extra Creamy Yogurt, Plain, High Protein",7.49,"650 g, $1.15/100g",yogurt,No Frills
"Nano Strawberry Raspberry Drinkable Yogurt, 1%",19.99,"24x93.0 ml, $0.90/100ml",yogurt,No Frills
Greek Yogourt Blueberry 3 % M.F.,7.49,"650 g, $1.15/100g",yogurt,No Frills
"Yop 1% Drinkable Yogurt, Raspberry, Yogurt Drink",1.00,"200 ml, $0.50/100ml",yogurt,No Frills
"Skyr Yogurt Plain 3.6%, High Protein",6.49,"750 g, $0.87/100g",yogurt,No Frills
"Creamy Yogurt, Lactose Free Cherry, Lemon, Vanilla, and Blackberry-Blueberry 1.5%",6.29,"16x100.0 g, $0.39/100g",yogurt,No Frills
"Extra Creamy Greek Yogurt, Blueberry, Blended, 9% M.F.",7.49,"650 g, $1.15/100g",yogurt,No Frills
"Yop 1% Drinkable Yogurt, Raspberry, Yogurt Drink",1.00,"200 ml, $0.50/100ml",yogurt,No Frills
"Méditerranée 10% Yogurt, Plain",7.49,"900 g, $0.83/100g",yogurt,No Frills
"Extra Creamy Greek Yogurt, Black Cherry, Fruit On The Bottom, 9% M.F.",3.33,"4x95.0 g, $0.88/100g",yogurt,No Frills
"Greek Yogurt, Limited Edition, Pink Lemonade Flavour",3.33,"4x100.0 g, $0.83/100g",yogurt,No Frills
"Cherry Yogurt 3.25%, Balkan Style",2.99,"650 g, $0.46/100g",yogurt,No Frills
"Vegan Yogurt, Vanilla Coconut",6.49,"650 g, $1.00/100g",yogurt,No Frills
"Yogurt With Probiotics Lactose Free, Vanilla, Strawberry, Raspberry, Cherry Flavour",5.50,"12x100.0 g, $0.46/100g",yogurt,No Frills
"Yogurt With Probiotics, Strawberry Flavour",5.50,"12x100.0 g, $0.46/100g",yogurt,No Frills
Plain 3% M.F. Yogurt,3.29,"750 g, $0.44/100g",yogurt,No Frills
"Fat Free Greek Yogurt, Strawberry Flavour, Blended, 0% M.F.",7.49,"750 g, $1.00/100g",yogurt,No Frills
Blueberry Fruit On The Bottom 0% M.F. Greek Yogurt,3.49,"4x100.0 g, $0.87/100g",yogurt,No Frills
"Méditerranée 9% Yogurt, Black Cherry",2.99,"4x100.0 g, $0.75/100g",yogurt,No Frills
Strawberry 0% M.F. Greek Yogurt ,3.49,"4x100.0 g, $0.87/100g",yogurt,No Frills
"Yogurt, Raspberry White Chocolate 6%",2.99,"625 g, $0.48/100g",yogurt,No Frills
"Yogurt With Probiotics, Strawberry, Raspberry, Vanilla, Blueberry Flavour, 24XG",11.99,"24x100.0 g, $0.50/100g",yogurt,No Frills
"Extra Creamy Greek Yogurt, Cappuccino On The Bottom, 9% M.F.",3.33,"4x95.0 g, $0.88/100g",yogurt,No Frills
"Nano Drinkable Yogurt, Strawberry 1%",6.49,"900 ml, $0.72/100ml",yogurt,No Frills
"Nano Drinkable Yogurt, Vanilla 1%",6.49,"900 ml, $0.72/100ml",yogurt,No Frills
"Creamy Lactose Free Yogurt, Vanilla 1.5%",10.99,"2 kg, $0.55/100g",yogurt,No Frills
"Source 0% Smooth Traditional Yogurt, Peach, No Added Sugar",3.39,"630 g, $0.54/100g",yogurt,No Frills
Lactose Free Plain Greek Yogurt,5.00,"750 g, $0.67/100g",yogurt,No Frills
Plant-Based Coconut Yogurt Unsweetened Plain,5.99,"650 g, $0.92/100g",yogurt,No Frills
"2% MF Greek Yogurt, Vanilla, Club Size",6.79,"1 kg, $0.68/100g",yogurt,No Frills
"Yogurt, Peach Cobbler, 6%",2.99,"625 g, $0.48/100g",yogurt,No Frills
"Extra Creamy Greek Yogurt, Vanilla Bean & Apricot, 9% M.F., Value Tub",7.49,"650 g, $1.15/100g",yogurt,No Frills
Source Protein Yogurt Strawberry 0% M.F.,2.99,"650 g, $0.46/100g",yogurt,No Frills
"Yogurt With Probiotics, Fat Free 0% Mf, Vanilla Flavour",4.39,"650 g, $0.68/100g",yogurt,No Frills
"Creamy Yogurt, Pineapple-Coconut-Banana, Vanilla, Lemon-Lime, and Peach-Mango 1.5%",6.29,"16x100.0 g, $0.39/100g",yogurt,No Frills
"Probiotic Yogurt, 4X Blueberry, 4X Strawberry & Rhubarb, 8 Pack",3.99,"8x100.0 g, $0.50/100g",yogurt,No Frills
"Organic Kefir, Plain",12.49,"2 l, $0.62/100ml",yogurt,No Frills
Kefir 3.25% M.F.,3.99,"750 ml, $0.53/100ml",yogurt,No Frills
"Kosher Greek Yogurt, Plain",9.99,"907 g, $1.10/100g",yogurt,No Frills
"Organic Yogurt, Blueberry 3%",4.79,"650 g, $0.74/100g",yogurt,No Frills
Fermented Dairy Beverage Alphonso Mango Lassi 1.6 % M.F.,4.99,"1 l, $0.50/100ml",yogurt,No Frills
"Organic Yogurt, Vanilla 0%",4.79,"650 g, $0.74/100g",yogurt,No Frills
Coconut Milk Vegan Yogurt - Raspberry Blackcurrant,6.49,"500 g, $1.30/100g",yogurt,No Frills
"Krema Greek Style Yogurt, Caffé Latt‚",5.29,"500 g, $1.06/100g",yogurt,No Frills
"Dairy Free Plant Based Almond Yogurt, Vanilla Flavour",5.99,"640 g, $0.94/100g",yogurt,No Frills
Greek Yogourt Raspberry 3 % M.F.,7.49,"650 g, $1.15/100g",yogurt,No Frills
"Probiotic Yogurt, Blackberry, Blueberry, Blackcurrent, Berries, 12XG",5.50,"12x100.0 g, $0.46/100g",yogurt,No Frills
"Greek 5% Extra Creamy Yogurt, High Protein",7.49,"650 g, $1.15/100g",yogurt,No Frills
"Extra Creamy Greek Yogurt, Extra Creamy Plain 11%",7.49,"750 g, $1.00/100g",yogurt,No Frills
"High Protein Greek Yogurt, Zesty Lemon & Lime Flavour, Blended, Value Tub",7.49,"650 g, $1.15/100g",yogurt,No Frills
"Danino Strawberry Flavoured Drinkable Yogurt, 6 bottles",4.39,"6x93.0 ml, $4.72/100ml",yogurt,No Frills
"Méditerranée 9% Yogurt, Vanilla",7.49,"900 g, $0.83/100g",yogurt,No Frills
"Drinkable Greek Yogurt With Field Berries, Oats, & Seeds, 9G Protein",1.99,"190 ml, $1.05/100ml",yogurt,No Frills
"Yogurt With Probiotics Lactose Free, Strawberry, Blueberry, Peach, Mango Flavour, 12XG",5.50,"12x100.0 g, $0.46/100g",yogurt,No Frills
"Greek 2% Yogurt, Plain, High Protein",8.29,"1000 g, $0.83/100g",yogurt,No Frills
"Skyr Yogurt Banana 2%, High Protein",6.49,"650 g, $1.00/100g",yogurt,No Frills
"Yogurt With Probiotics, Lemon & Pineapple Flavour",3.99,"8x100.0 g, $0.50/100g",yogurt,No Frills
"Yop 3% Minigo Duo, Variety Pack, Kids Snack",3.19,"6x60.0 g, $0.89/100g",yogurt,No Frills
"Danino Vanilla Flavoured Drinkable Yogurt for Kids, 6 Bottles",4.39,"558 ml, $0.79/100ml",yogurt,No Frills
"Yop 1% Drinkable Yogurt, Tropical, Yogurt Drink",1.00,"200 ml, $0.50/100ml",yogurt,No Frills
"Greek 0% Yogurt, Vanilla, High Protein",7.49,"750 g, $1.00/100g",yogurt,No Frills
"Two Good Vanilla Yogurt, Low Sugar, 2g Sugar, 8g Protein",3.99,"625 g, $0.64/100g",yogurt,No Frills
"Greek 2% Extra Fruit Pineapple, High Protein",7.49,"650 g, $1.15/100g",yogurt,No Frills
"Probiotic Smoothie, Blueberry, Strawberry, & Beet, Drinkable Yogurt",2.49,"190 ml, $1.31/100ml",yogurt,No Frills
"Two Good, Strawberry Low Sugar Yogurt, 2g sugar, 8g protein",3.33,"380 g, $0.88/100g",yogurt,No Frills
Plain Stirred 1% M.f. Yogurt,15.49,"4 kg, $0.39/100g",yogurt,No Frills
Source Yogurt Peach 0% M.F.,4.19,"400 g, $1.05/100g",yogurt,No Frills
"Probiotics Yogurt Source of Fibres, Strawberry-Wildberry-Mango",5.50,"1140 g, $0.48/100g",yogurt,No Frills
"Plant-based Coconut Unsweetened Yogurt, Vanilla Flavour",5.99,"650 g, $0.92/100g",yogurt,No Frills
"Yogurt With Probiotics, Fieldberry Flavour Tub",4.39,"650 g, $0.68/100g",yogurt,No Frills
Plain Kefir Probiotic Fermented 1% M.F. Milk,4.79,"1 l, $0.48/100ml",yogurt,No Frills
Black Cherry Greek Yogurt,5.00,"750 g, $0.67/100g",yogurt,No Frills
Plain Greek Yogurt 5%,5.00,"650 g, $0.77/100g",yogurt,No Frills
"Méditerranée 9% Yogurt, Apple Pie",2.99,"500 g, $0.60/100g",yogurt,No Frills
"Stirred Yogurt, Peach",3.19,"650 g, $0.49/100g",yogurt,No Frills
Dairy-Free Coconut Milk Kefir,6.49,"1000 ml, $0.65/100ml",yogurt,No Frills
"Skyr Yogurt Strawberry 2%, High Protein, 4 units",4.99,"400 g, $1.25/100g",yogurt,No Frills
"Greek Yogurt, Vanilla Flavour, 2% M.F., Value Tub",7.49,"750 g, $1.00/100g",yogurt,No Frills
"Probiotics Yogurt Source of Fibre, Vanilla Flavoured",4.39,"625 g, $0.70/100g",yogurt,No Frills
"Greek 0% Yogurt, Vanilla, High Protein",8.29,"1 kg, $0.83/100g",yogurt,No Frills
"2% M.F. Greek Yogurt, Vanilla",5.00,"750 g, $0.67/100g",yogurt,No Frills
"Halal Yogurt, Plain 2%",2.49,"750 g, $0.33/100g",yogurt,No Frills
" Skyr Yogurt Black Cherry 2%, High Protein, 4 units",4.99,"400 g, $1.25/100g",yogurt,No Frills
"Nano Drinkable Yogurt, Lactose Free, Apple-Grape 1%",3.33,"6x93.0 ml, $0.60/100ml",yogurt,No Frills
"Méditerranée 9% Yogurt, Wild Blueberry",2.99,"4x100.0 g, $0.75/100g",yogurt,No Frills
"Biobest Yogurt with Probiotics, Plain, 1% ",2.99,"750 g, $0.40/100g",yogurt,No Frills
"Plain Yogurt  2%, Balkan Style",2.99,"750 g, $0.40/100g",yogurt,No Frills
"Source 0% Smooth Traditional Yogurt Cups Variety Pack, No Added Sugar",6.99,"16x100.0 g, $0.44/100g",yogurt,No Frills
"Two Good Vanilla Low Sugar Yogurt, 2g Sugar, 8g Protein",3.33,"380 g, $0.88/100g",yogurt,No Frills
Tubes Yogurt Bubble Gum Flavour Special Édition 1% M.F.,3.19,"448 g, $0.71/100g",yogurt,No Frills
Strained Yogurt Labneh 12 % M.F.,5.99,"500 g, $1.20/100g",yogurt,No Frills
Coconut Milk Vegan Yogurt - Mango And Passion Fruit,6.49,"500 g, $1.30/100g",yogurt,No Frills
Strawberry Kefir 2.4 % M.F.,4.99,"1 l, $0.50/100ml",yogurt,No Frills
Oat Based Vegan Delight Vanilla,6.49,"650 g, $1.00/100g",yogurt,No Frills
"Kosher Greek Yogurt, Cappuccino",9.99,"907 g, $1.10/100g",yogurt,No Frills
"Kosher Greek Yogurt, Vanilla",9.99,"907 g, $1.10/100g",yogurt,No Frills
Peach Kefir 2.4 % M.F.,4.99,"1 l, $0.50/100ml",yogurt,No Frills
Key Lime 2% M.F. Greek Yogurt ,3.49,"4x100.0 g, $0.87/100g",yogurt,No Frills
"Plain Yogurt 3%, Balkan Style",2.99,"750 g, $0.40/100g",yogurt,No Frills
"Creamy Naturally Flavoured Stirred Yogurt Cups - Vanilla, Strawberry, Cherry, Lemon-Lime",7.29,"16x100.0 g, $0.46/100g",yogurt,No Frills
Black Cherry 0% M.F. Greek Yogurt ,3.49,"4x100.0 g, $0.87/100g",yogurt,No Frills
Guava Passionfruit 8% Greek Yogurt,5.00,"650 g, $0.77/100g",yogurt,No Frills
"Méditerranée 9% Yogurt, Blackberry",2.99,"500 g, $0.60/100g",yogurt,No Frills
"Creamy Yogurt, Vanilla 1.5%",10.99,"2 kg, $0.55/100g",yogurt,No Frills
Vanilla 2% M.F. Greek Yogurt,3.49,"4x100.0 g, $0.87/100g",yogurt,No Frills
"Organic Yogurt, Vanilla 3%",4.79,"650 g, $0.74/100g",yogurt,No Frills
"Yop 1% Drinkable Yogurt Pack, Strawberry and Vanilla, Yogurt Drinks",10.99,"2400 ml, $0.46/100ml",yogurt,No Frills
"Greek 0% Yogurt, Plain, High Protein",8.29,"1000 g, $0.83/100g",yogurt,No Frills
"Immune System, Probiotic Drinkable Yogurt, Vanilla, 8 Bottles",7.49,"744 ml, $1.01/100ml",yogurt,No Frills
"Drinkable Greek Yogurt High Protein, Vanilla flavoured",1.99,"190 ml, $1.05/100ml",yogurt,No Frills
"Yogurt with Probiotics, Lactose-free, Vanilla Flavour",4.39,"650 g, $0.68/100g",yogurt,No Frills
"Organic Kefir Milk, Strawberry",6.49,"1000 ml, $0.65/100ml",yogurt,No Frills
"Greek 0% Lactose Free Yogurt, Plain, High Protein",8.29,"1000 g, $0.83/100g",yogurt,No Frills
"Vegan Yogurt, Plain Coconut",6.49,"650 g, $1.00/100g",yogurt,No Frills
"Vanilla, Blueberry, Strawberry & Raspberry 0% M.F. Stirred Yogurt",5.79,"12x100.0 g, $0.48/100g",yogurt,No Frills
Blueberry Stirred 1% M.F. Yogurt,3.19,"650 g, $0.49/100g",yogurt,No Frills
Honey Greek Yogurt,5.00,"750 g, $0.67/100g",yogurt,No Frills
Dahi,3.49,"750 g, $0.47/100g",yogurt,No Frills
"Halal Yogurt, Plain 0%",2.49,"750 g, $0.33/100g",yogurt,No Frills
"Extra Creamy Greek Yogurt Lemon Meringue Flavour, 4% Mf",3.33,"4x95.0 g, $0.88/100g",yogurt,No Frills
"Yop 1% Drinkable Yogurt, Peach, Yogurt Drink",1.00,"200 ml, $0.50/100ml",yogurt,No Frills
"Immune System, Probiotic Drinkable Yogurt, Strawberry Banana, 8X",7.49,"8x93.0 ml, $1.01/100ml",yogurt,No Frills
Organic Plain Kefir Probiotic Fermented 1% M.F. Milk,6.49,"1 l, $0.65/100ml",yogurt,No Frills
"Vanilla Yogurt 3.25%, Balkan Style",2.99,"650 g, $0.46/100g",yogurt,No Frills
"Greek 3% Low Sugar Yogurt, Vanilla, High Protein",7.49,"750 g, $1.00/100g",yogurt,No Frills
"Probiotics Yogurt Source of Fibres, Vanilla/Blueberry/Strawberry-Kiwi/Peach",5.50,"1140 g, $0.48/100g",yogurt,No Frills
"Krema Yogurt, Vanilla 10%",4.79,"650 g, $0.74/100g",yogurt,No Frills
"Greek Yogurt, Vanilla 2%",13.99,"1.75 kg, $0.80/100g",yogurt,No Frills
"Méditerranée 9% Yogurt, Orchard Peach",2.99,"4x100.0 g, $0.75/100g",yogurt,No Frills
Vanilla 0% M.F. Greek Yogurt,3.49,"4x100.0 g, $0.87/100g",yogurt,No Frills
Source Protein Yogurt Vanilla 0% M.F.,2.99,"650 g, $0.46/100g",yogurt,No Frills
Raspberry Lychee Smash  2% Greek Yogurt,3.49,"400 g, $0.87/100g",yogurt,No Frills
"Méditerranée 9% Yogurt, Black Cherry",2.99,"500 g, $0.60/100g",yogurt,No Frills
Tubes Yogurt Cotton Candy Flavour 1% M.F.,3.19,"448 g, $0.71/100g",yogurt,No Frills
"Tubes Yogurt 1% M.F., Peach & Blueberry",3.19,"448 g, $0.71/100g",yogurt,No Frills
Salted Butter,5.99,"454 g, $1.32/100g",butter_spreads,No Frills
Salted Butter ,8.49,"454 g, $1.87/100g",butter_spreads,No Frills
Margarine Spread,3.29,"427 g, $0.77/100g",butter_spreads,No Frills
Unsalted Butter,5.99,"454 g, $1.32/100g",butter_spreads,No Frills
Margarine Original,9.49,"850 g, $1.12/100g",butter_spreads,No Frills
Margarine with Olive Oil,9.49,"850 g, $1.12/100g",butter_spreads,No Frills
Margarine Original,5.49,"427 g, $1.29/100g",butter_spreads,No Frills
Unsalted Butter ,8.49,"454 g, $1.87/100g",butter_spreads,No Frills
Country Churned Salted Butter,8.29,"454 g, $1.83/100g",butter_spreads,No Frills
Country Churned Unsalted Butter ,8.29,"454 g, $1.83/100g",butter_spreads,No Frills
"Salted Butter Sticks, 4 units",8.79,"4x113.0 g, $1.94/100g",butter_spreads,No Frills
Margarine Club Pack,6.99,"1.275 kg, $0.55/100g",butter_spreads,No Frills
Margarine Vegan,9.49,"850 g, $1.12/100g",butter_spreads,No Frills
Margarine with Olive Oil,5.49,"427 g, $1.29/100g",butter_spreads,No Frills
Blue Menu Margarine with Olive Oil,5.29,"907 g, $0.58/100g",butter_spreads,No Frills
"My Country Unsalted Butter Sticks, 4 units ",8.79,"4x113.5 g, $1.94/100g",butter_spreads,No Frills
Spreadables Butter With Canola Oil,5.99,"227 g, $2.64/100g",butter_spreads,No Frills
Margarine with Avocado Oil,9.49,"850 g, $1.12/100g",butter_spreads,No Frills
Garlic & Provençal Herb Butter ,4.19,"125 g, $3.35/100g",butter_spreads,No Frills
55% Vegetable Oil Margarine ,6.99,"637 g, $1.10/100g",butter_spreads,No Frills
Creamery Butter,6.89,"454 g, $1.52/100g",butter_spreads,No Frills
Margarine Vegan,5.49,"427 g, $1.29/100g",butter_spreads,No Frills
Calorie-Reduced Margarine Light,9.49,"850 g, $1.12/100g",butter_spreads,No Frills
Blue Menu Original Margarine,5.29,"907 g, $0.58/100g",butter_spreads,No Frills
Margarine Quarters Value Size,6.99,"1.36 kg, $0.51/100g",butter_spreads,No Frills
Margarine with Avocado Oil,5.49,"427 g, $1.29/100g",butter_spreads,No Frills
Buttery Taste Margarine,9.49,"637 g, $1.49/100g",butter_spreads,No Frills
Creamery Butter Unsalted,6.89,"454 g, $1.52/100g",butter_spreads,No Frills
Margarine Unsalted Plant-Based Sticks,5.49,"454 g, $1.21/100g",butter_spreads,No Frills
Organics Salted Butter Churned,6.49,"250 g, $2.60/100g",butter_spreads,No Frills
Margarine Salted Plant-Based Sticks,5.49,"454 g, $1.21/100g",butter_spreads,No Frills
Plant Based Butter Alternative Salted,4.79,"454 g, $1.06/100g",butter_spreads,No Frills
Organics Unsalted Butter Churned,6.49,"250 g, $2.60/100g",butter_spreads,No Frills
Margarine,4.99,"907 g, $0.55/100g",butter_spreads,No Frills
"Original Margarine Square Spread, 12 units",9.49,"1.36 kg, $0.70/100g",butter_spreads,No Frills
Soy Free Buttery Spread    ,6.29,"425 g, $1.48/100g",butter_spreads,No Frills
Margarine Original,16.79,"1.7 kg, $0.99/100g",butter_spreads,No Frills
Margarine,7.99,"1.36 kg, $0.59/100g",butter_spreads,No Frills
Margarine,14.49,"3 kg, $0.48/100g",butter_spreads,No Frills
Mirage Margarine,7.49,"907 g, $0.83/100g",butter_spreads,No Frills
Margarine Salt Free,9.49,"850 g, $1.12/100g",butter_spreads,No Frills
Whipped Butter,5.99,"250 g, $2.40/100g",butter_spreads,No Frills
Plant Based Butter Alternative Unsalted,4.79,"454 g, $1.06/100g",butter_spreads,No Frills
Vegetable Oil Margarine,9.99,"1.28 kg, $0.78/100g",butter_spreads,No Frills
Lactose Free Butter Unsalted,8.79,"454 g, $1.94/100g",butter_spreads,No Frills
Original Spread,6.99,"850 g, $0.82/100g",butter_spreads,No Frills
Plant Based Oils Spread Salted,7.49,"427 g, $1.75/100g",butter_spreads,No Frills
Soy Free Vegenaise,9.29,"473 ml, $1.96/100ml",butter_spreads,No Frills
Original Margarine,9.49,"1.81 kg, $0.52/100g",butter_spreads,No Frills
Original Spread,3.99,"427 g, $0.93/100g",butter_spreads,No Frills
"Plant Butter, Unsalted",5.99,"454 g, $1.32/100g",butter_spreads,No Frills
Original,7.79,"473 ml, $1.65/100ml",butter_spreads,No Frills
Margarine Squares,8.49,"1.36 kg, $0.62/100g",butter_spreads,No Frills
Original Buttery Spread,6.29,"425 g, $1.48/100g",butter_spreads,No Frills
Lactose Free Butter Salted,8.79,"454 g, $1.94/100g",butter_spreads,No Frills
"Plant Butter, Salted",5.99,"454 g, $1.32/100g",butter_spreads,No Frills
Grass Fed Unsalted Butter,8.49,"250 g, $3.40/100g",butter_spreads,No Frills
Large Grade A Eggs,4.12,"12 ea, $0.34/1ea",egg_and_substitutes,No Frills
Large Size Eggs,10.12,"30 ea, $0.34/1ea",egg_and_substitutes,No Frills
Free Run Brown Eggs Large,7.11,"12 eggs, $0.59/1ea",egg_and_substitutes,No Frills
Grade A Extra Large Eggs,4.62,"12 eggs, $0.39/1ea",egg_and_substitutes,No Frills
Egg Whites,7.99,"1 kg, $0.80/100g",egg_and_substitutes,No Frills
Medium Grade A White Eggs,4.01,"12 eggs, $0.33/1ea",egg_and_substitutes,No Frills
Premium Large White Eggs,7.19,"18 ea, $0.40/1ea",egg_and_substitutes,No Frills
Free Range Large Brown Eggs,7.85,"12 eggs, $0.65/1ea",egg_and_substitutes,No Frills
Grade A Large Brown Eggs,5.32,"12 eggs, $0.44/1ea",egg_and_substitutes,No Frills
"Free-Range Large Brown Eggs, Club Pack (30 Count)",16.77,"30 ea, $0.56/1ea",egg_and_substitutes,No Frills
"Naturegg Nest Laid White Eggs, Large",5.62,"12 eggs, $0.47/1ea",egg_and_substitutes,No Frills
Country Golden Yolk Large Free Range Eggs,7.42,"12 ea, $0.62/1ea",egg_and_substitutes,No Frills
"White Eggs, Extra Large",6.99,"18 eggs, $0.39/1ea",egg_and_substitutes,No Frills
Blue Menu Free Run Large White Eggs 12 Pack,7.62,"12 ea, $0.64/1ea",egg_and_substitutes,No Frills
"Nature's Best White Eggs, Large",6.42,"12 eggs, $0.54/1ea",egg_and_substitutes,No Frills
Free Run Egg Whites,5.29,"1 g, $1.06/100g",egg_and_substitutes,No Frills
Naturegg Simply Egg Whites,4.79,"1 ea, $0.96/100ml",egg_and_substitutes,No Frills
"Born 3 White Eggs, Large",5.92,"12 eggs, $0.49/1ea",egg_and_substitutes,No Frills
Naturegg Free Run Egg Whites,4.79,"1 eggs, $0.96/100g",egg_and_substitutes,No Frills
"Free Run Omega-3 Hard-Boiled Peeled Eggs, 3x2 packs",3.39,"3x88.0 g, $3.85/100g",egg_and_substitutes,No Frills
"Egg Creations, Original",4.79,"500 g, $0.96/100g",egg_and_substitutes,No Frills
"Scramble Kit, Protein Packed",3.29,"57 g, $5.77/100g",egg_and_substitutes,No Frills
Organic Free-Range Egg Whites,5.99,"500 g, $1.20/100g",egg_and_substitutes,No Frills
"Scramble Kit, Classic",3.29,"79 g, $4.16/100g",egg_and_substitutes,No Frills
"Scramble Kit, Ultimate",3.29,"85 g, $3.87/100g",egg_and_substitutes,No Frills
"Milk, 2%",5.55,"4 l, $0.14/100ml",milk_cream,No Frills
Lactose Free 2% Dairy Product,6.39,"2 l, $0.32/100ml",milk_cream,No Frills
Homogenized Milk,5.98,"4 l, $0.15/100ml",milk_cream,No Frills
"Almond For Coffee, Vanilla Flavour, Plant Based Dairy Free Coffee Creamer",4.79,"890 ml, $0.54/100ml",milk_cream,No Frills
Coffee Cream 10% MF,2.99,"946 ml, $0.32/100ml",milk_cream,No Frills
"French Vanilla Flavoured Coffee Creamer, 63 Servings",5.49,"946 ml, $0.58/100ml",milk_cream,No Frills
"Oat For Coffee, Vanilla, Plant Based, Dairy Free Coffee Creamer",4.79,"890 ml, $0.54/100ml",milk_cream,No Frills
Lactose Free 2% Partly Skimmed Ultrafiltered Milk,6.59,"1.5 l, $0.44/100ml",milk_cream,No Frills
Chocolate Lactose Free 2% Partly Skimmed Ultrafiltered Milk,6.59,"1.5 l, $0.44/100ml",milk_cream,No Frills
1% Milk,5.55,"4 l, $0.14/100ml",milk_cream,No Frills
"Real Whipped Cream, Regular",5.09,"225 g, $2.26/100g",milk_cream,No Frills
"Hazelnut Flavoured Coffee Creamer, 63 Servings",5.49,"946 ml, $0.58/100ml",milk_cream,No Frills
"For Coffee, Hazelnut Flavour, Dairy Free Coffee Creamer",3.29,"473 ml, $0.70/100ml",milk_cream,No Frills
Lactose Free Skim Ultrafiltered Milk,6.59,"1.5 l, $0.44/100ml",milk_cream,No Frills
Milk Lactose Free 2% Partly Skimmed ,6.49,"2 l, $0.32/100ml",milk_cream,No Frills
Milk 1% Bottle,6.59,"1.5 l, $0.44/100ml",milk_cream,No Frills
2% Milk,2.83,"1 l, $0.28/100ml",milk_cream,No Frills
"Caramel Plant-Based Coffee Creamer, Limited Edition",3.29,"450 ml, $0.73/100ml",milk_cream,No Frills
"Caramel Macchiato Coffee Creamer,",5.49,"946 ml, $0.58/100ml",milk_cream,No Frills
Original Powder,12.99,"1.4 kg, $0.93/100g",milk_cream,No Frills
Coffee Whitener,6.99,"1 kg, $0.70/100g",milk_cream,No Frills
COFFEE-MATE Original Powder,6.49,"450 g, $1.44/100g",milk_cream,No Frills
"Organic Milk, 2% Mf",9.95,"4 l, $0.25/100ml",milk_cream,No Frills
"Almond For Coffee, Vanilla, Plant Based, Dairy Free Coffee Creamer",3.29,"473 ml, $0.70/100ml",milk_cream,No Frills
"Organic Homogenized Milk, 3.25%",7.12,"2 l, $0.36/100ml",milk_cream,No Frills
French Vanilla Milkshake,1.59,"310 ml, $0.51/100ml",milk_cream,No Frills
Chocolate Milkshake,1.59,"310 ml, $0.51/100ml",milk_cream,No Frills
2% Milk,2.21,"473 ml, $0.47/100ml",milk_cream,No Frills
Skim Milk,5.55,"4 l, $0.14/100ml",milk_cream,No Frills
"Coffee Creamer, Vanilla Dip Donut",7.49,"750 ml, $1.00/100ml",milk_cream,No Frills
Dairy Protein Beverage 3.25% M.F.,7.37,"1.89 l, $0.39/100ml",milk_cream,No Frills
"Chocolate Milk, 1% MF",6.65,"4 l, $0.17/100ml",milk_cream,No Frills
Coffee Whitener,3.49,"450 g, $0.78/100g",milk_cream,No Frills
Southern Butter Pecan Coffee Creamer,5.49,"946 ml, $0.58/100ml",milk_cream,No Frills
Caramel Macchiato Cold Foam,5.49,"396 g, $1.39/100g",milk_cream,No Frills
Light Coffee Whitener,3.49,"450 g, $0.78/100g",milk_cream,No Frills
"Half & Half Dairy-Free Coffee Creamer, Oat & Coconut,",4.79,"890 ml, $0.54/100ml",milk_cream,No Frills
"Buttermilk, 1%",3.59,"946 ml, $0.38/100ml",milk_cream,No Frills
"Milk, 2%",4.77,"2 l, $0.24/100ml",milk_cream,No Frills
"Whipping Cream, 33%",3.22,"237 ml, $1.36/100ml",milk_cream,No Frills
"Half / Half, 10%",3.12,"473 ml, $0.66/100ml",milk_cream,No Frills
Whipping Cream 33% MF,6.30,"946 ml, $0.67/100ml",milk_cream,No Frills
1% Milk,2.83,"1 l, $0.28/100ml",milk_cream,No Frills
Caramel Chocolate Milkshake,1.59,"310 ml, $0.51/100ml",milk_cream,No Frills
"Soy For Coffee, Original Coffee Creamer",4.79,"890 ml, $0.54/100ml",milk_cream,No Frills
"Maple Latte Flavoured Coffee Creamer, 63 Servings",5.49,"946 ml, $0.58/100ml",milk_cream,No Frills
French Vanilla Cold Foam,5.49,"396 g, $1.39/100g",milk_cream,No Frills
UltraPūr Chocolate 1% ,6.19,"1.5 l, $0.41/100ml",milk_cream,No Frills
1% Milk,2.83,"1 l, $0.28/100ml",milk_cream,No Frills
Caramel Chocolate Milkshake,1.59,"310 ml, $0.51/100ml",milk_cream,No Frills
Ultrapūr 3.25% Homogenized,6.19,"1.5 l, $0.41/100ml",milk_cream,No Frills
"Dairy-Free Whipping Cream Alternative, Coconut based",4.79,"473 ml, $1.01/100ml",milk_cream,No Frills
"Maple Latte Flavoured Coffee Creamer, 63 Servings",5.49,"946 ml, $0.58/100ml",milk_cream,No Frills
Reduced Sugar French Vanilla Coffee Creamer,5.49,"946 ml, $0.58/100ml",milk_cream,No Frills
Lactose Free Homogenized Milk,6.39,"2 l, $0.32/100ml",milk_cream,No Frills
Chocolate Partly Skimmed Milk 1% M.F. 6 x,6.49,"6x200.0 ml, $540.83/100ml",milk_cream,No Frills
PūrFiltre Milk 3.25% Homogenized,6.49,"2 l, $0.32/100ml",milk_cream,No Frills
Caramel Coffee Creamer,6.99,"1 l, $0.70/100ml",milk_cream,No Frills
"Coffee Enhancer, Vanilla",7.99,"930 g, $0.86/100g",milk_cream,No Frills
Milk Lactose Free 1% Partly Skimmed ,6.49,"2 l, $0.32/100ml",milk_cream,No Frills
"Coffee-mate, Light",12.99,"1.4 kg, $0.93/100g",milk_cream,No Frills
Organic 1% Milk,9.95,"4 l, $0.25/100ml",milk_cream,No Frills
"Chocolate High Protein Shake, 34G Of Protein Per Bottle,",3.29,"460 ml, $0.72/100ml",milk_cream,No Frills
Dairy Protein Beverage 2% M.F.,7.37,"1.89 l, $0.39/100ml",milk_cream,No Frills
"Chocolate Milk, 1%",2.29,"473 ml, $0.48/100ml",milk_cream,No Frills
Lactose Free Skim Milk,6.49,"2 l, $0.32/100ml",milk_cream,No Frills
"Real Whipped Cream, Light",5.09,"225 g, $2.26/100g",milk_cream,No Frills
18% M.F. Coffee Cream,5.46,"946 ml, $0.58/100ml",milk_cream,No Frills
1% Milk,4.77,"2 l, $0.24/100ml",milk_cream,No Frills
Homogenized Milk,4.85,"2 l, $0.24/100ml",milk_cream,No Frills
"Caramel Waffle Cookie Coffee Enhancer, Limited Edition",5.49,"946 ml, $0.58/100ml",milk_cream,No Frills
Chocolate,1.00,"473 ml, $0.21/100ml",milk_cream,No Frills
Almond And Oat Dairy Free Caramel Macchiato Coffee Enhancer,7.99,"828 ml, $0.96/100ml",milk_cream,No Frills
PurFiltre Milk 1% Partly Skimmed ,5.79,"2 l, $0.29/100ml",milk_cream,No Frills
"Vanilla Toffee Caramel Coffee Creamer, 63 Servings",5.49,"946 ml, $0.58/100ml",milk_cream,No Frills
"French Vanilla Flavoured Fat Free Coffee Creamer, 63 Servings",5.49,"946 ml, $0.58/100ml",milk_cream,No Frills
COFFEE-MATE Light Powder,6.49,"450 g, $1.44/100g",milk_cream,No Frills
0% M.F. Fat-Free Creamer,4.55,"946 ml, $0.48/100ml",milk_cream,No Frills
Skim Milk,4.77,"2 l, $0.24/100ml",milk_cream,No Frills
Coffee Cream 18% M.F.,3.52,"473 ml, $0.74/100ml",milk_cream,No Frills
Lactose Free Whole Ultrafiltered Milk,6.59,"1.5 l, $0.44/100ml",milk_cream,No Frills
"Buttermilk, 3.25%",4.79,"1.89 l, $0.25/100ml",milk_cream,No Frills
Ultrapūr Skim 0%,6.19,"1.5 l, $0.41/100ml",milk_cream,No Frills
Milk Lactose Free 3.25% Homogenized,6.39,"2 l, $0.32/100ml",milk_cream,No Frills
"Whipping Cream, 33%",2.99,"473 ml, $0.63/100ml",milk_cream,No Frills
Homogenized Milk,2.92,"1 l, $0.29/100ml",milk_cream,No Frills
Strawberry Milk Beverage 1 % M.F.,4.09,"1 l, $0.41/100ml",milk_cream,No Frills
BFit High Protein Milkshake Vanilla,3.29,"460 ml, $0.72/100ml",milk_cream,No Frills
Rolo Milkshake,1.00,"473 ml, $0.21/100ml",milk_cream,No Frills
Coffee Crisp Milkshake,1.00,"473 ml, $0.21/100ml",milk_cream,No Frills
Goat's Milk,7.29,"2 l, $0.36/100ml",milk_cream,No Frills
Partly Skimmed Milk Vanilla 1% M.F.,1.99,"946 ml, $0.21/100ml",milk_cream,No Frills
Organic Skim Milk,6.92,"2 l, $0.35/100ml",milk_cream,No Frills
"Organic Cream, 10% M.F.",3.87,"473 ml, $0.82/100ml",milk_cream,No Frills
"Organic Milk 3, 25%Mf",9.95,"4 l, $0.25/100ml",milk_cream,No Frills
Organic Skim Milk,9.95,"4 l, $0.25/100ml",milk_cream,No Frills
Milk Beverage Chocolate 1% M.F.,5.19,"1.89 l, $0.27/100ml",milk_cream,No Frills
Classic Hazelnut Coffee Creamer,7.99,"1.42 l, $0.56/100ml",milk_cream,No Frills
"Ultrapūr 2%, 50% more protein",6.19,"1.5 l, $0.41/100ml",milk_cream,No Frills
Classic French Vanilla Coffee Creamer,7.99,"1.42 l, $0.56/100ml",milk_cream,No Frills
Organic 2% Milk,6.92,"2 l, $0.35/100ml",milk_cream,No Frills
"Creamer, 10%",6.79,"9 ml, $75.44/100ml",milk_cream,No Frills
Skim Milk,2.83,"1 l, $0.28/100ml",milk_cream,No Frills
Organic 1% Milk,6.92,"2 l, $0.35/100ml",milk_cream,No Frills
PūrFiltre Milk 2% Partly Skimmed,5.79,"2 l, $0.29/100ml",milk_cream,No Frills
Chocolate Milk,1.99,"946 ml, $0.21/100ml",milk_cream,No Frills
Almond And Oat Dairy Free Hazelnut Latte Coffee Enhancer,7.99,"828 ml, $0.96/100ml",milk_cream,No Frills
Strawberry,1.00,"473 ml, $0.21/100ml",milk_cream,No Frills
Natural Old Fashioned Brown Sugar,3.79,"1 kg, $0.38/100g",bakingEssentials,No Frills
Large Marshmallows,2.50,"400 g, $0.63/100g",bakingEssentials,No Frills
Baking Soda,2.29,"500 g, $0.46/100g",bakingEssentials,No Frills
Granulated White Sugar,3.27,"2 kg, $0.16/100g",bakingEssentials,No Frills
"Chipits Milk Chocolate Chips, 250G",4.79,"250 g, $1.92/100g",bakingEssentials,No Frills
Granulated White Sugar,5.49,"4 kg, $0.14/100g",bakingEssentials,No Frills
The Decadent Semi-Sweet Chocolate Chips,3.49,"300 g, $1.16/100g",bakingEssentials,No Frills
All-Purpose Flour,3.77,"2.5 kg, $0.15/100g",bakingEssentials,No Frills
Mini Marshmallows,2.50,"400 g, $0.63/100g",bakingEssentials,No Frills
Pure Pumpkin,6.99,"796 ml, $0.88/100ml",bakingEssentials,No Frills
"Chipits Pure Semi-Sweet Chocolate Chips, 270G",4.79,"270 g, $1.77/100g",bakingEssentials,No Frills
The Decadent Milk Chocolate Chips,3.49,"270 g, $1.29/100g",bakingEssentials,No Frills
Extra-Fluffy Buttermilk Pancake & Waffle Mix,3.29,"905 g, $0.36/100g",bakingEssentials,No Frills
All-Purpose Flour,11.99,"10 kg, $0.12/100g",bakingEssentials,No Frills
Vanilla Instant Pudding Mix,1.79,"102 g, $1.75/100g",bakingEssentials,No Frills
Original All Purpose Flour,6.49,"2.5 kg, $0.26/100g",bakingEssentials,No Frills
Icing Sugar,3.79,"1 kg, $0.38/100g",bakingEssentials,No Frills
Super Moist Cake Mix Rainbow Bits,1.69,"375 g, $0.45/100g",bakingEssentials,No Frills
"Strawberry Jelly Powder, Gelatin Mix",1.19,"85 g, $1.40/100g",bakingEssentials,No Frills
Super Moist Cake Mix Devil's Food,1.69,"375 g, $0.45/100g",bakingEssentials,No Frills
Gluten-Free Corn Starch,4.00,"454 g, $0.88/100g",bakingEssentials,No Frills
Original Extra-Fluffy Pancake And Waffle Mix,3.29,"905 g, $0.36/100g",bakingEssentials,No Frills
S'mores Kit,7.49,"600 g, $1.25/100g",bakingEssentials,No Frills
Super Moist Cake Mix French Vanilla,1.69,"375 g, $0.45/100g",bakingEssentials,No Frills
Baking Powder,5.00,"450 g, $1.11/100g",bakingEssentials,No Frills
Unbleached All-Purpose Flour,3.77,"2.5 kg, $0.15/100g",bakingEssentials,No Frills
100% Pure Corn Starch,4.00,"454 g, $0.88/100g",bakingEssentials,No Frills
The Decadent Milk Chocolate Chips,10.99,"775 g, $1.42/100g",bakingEssentials,No Frills
Chocolate Instant Pudding Mix,1.79,"113 g, $1.58/100g",bakingEssentials,No Frills
"All Purpose Original Flour, Enriched / Pre-Sifted",6.00,"5 kg, $0.12/100g",bakingEssentials,No Frills
"Chipits Special Dark Chocolate Chips, 225G",4.79,"225 g, $2.13/100g",bakingEssentials,No Frills
Super Moist Cake Mix Chocolate Fudge,1.69,"375 g, $0.45/100g",bakingEssentials,No Frills
Chipits Skor Toffee Bits Baking Candy,4.79,"200 g, $2.40/100g",bakingEssentials,No Frills
Demerara Brown Sugar,3.79,"1 kg, $0.38/100g",bakingEssentials,No Frills
"Orange Jelly Powder, Gelatin Mix",1.19,"85 g, $1.40/100g",bakingEssentials,No Frills
Chipits Butterscotch Baking Chips,4.79,"270 g, $1.77/100g",bakingEssentials,No Frills
Multi-Coloured Mini Marshmallows,2.50,"400 g, $0.63/100g",bakingEssentials,No Frills
Unsweetened Medium Coconut,2.29,"200 g, $1.15/100g",bakingEssentials,No Frills
Deluxe Mixed Nuts with Sea Salt,22.99,"1.13 kg, $2.03/100g",bakingEssentials,No Frills
"Berry Blue Jelly Powder, Gelatin Mix",1.19,"85 g, $1.40/100g",bakingEssentials,No Frills
"Chipits Milk Chocolate Chips, 835G",10.99,"835 g, $1.32/100g",bakingEssentials,No Frills
Natural Turbinado Sugar Canister,4.49,"500 g, $0.90/100g",bakingEssentials,No Frills
Golden Yellow Sugar,3.79,"1 kg, $0.38/100g",bakingEssentials,No Frills
Fridge-N-Freezer Baking Soda,2.29,"500 g, $0.46/100g",bakingEssentials,No Frills
Imitation Almond Extract,6.99,"59 ml, $11.85/100ml",bakingEssentials,No Frills
Cake & Pastry Self-Raising Flour,7.79,"2.5 kg, $0.31/100g",bakingEssentials,No Frills
Unbleached All Purpose Flour,6.49,"2.5 kg, $0.26/100g",bakingEssentials,No Frills
Organic Blond Sugar,6.99,"1 kg, $0.70/100g",bakingEssentials,No Frills
Craisins Sweetened Dried Cranberries ,3.99,"340 g, $1.17/100g",bakingEssentials,No Frills
Bagged Sliced Almonds,9.99,"170 g, $5.88/100g",bakingEssentials,No Frills
Unbleached All Purpose Flour,6.49,"2.5 kg, $0.26/100g",bakingEssentials,No Frills
Real Chocolate Chips Semisweet Chocolate 55% Cacao,4.79,"255 g, $1.88/100g",bakingEssentials,No Frills
Organic Blond Sugar,6.99,"1 kg, $0.70/100g",bakingEssentials,No Frills
100% Pure Semi-Sweet Chocolate Baking Bar,6.49,"225 g, $2.88/100g",bakingEssentials,No Frills
Pre-Cooked Yellow Corn Meal,2.99,"1 kg, $0.30/100g",bakingEssentials,No Frills
Durum Semolina,4.49,"750 g, $0.60/100g",bakingEssentials,No Frills
Granulated Keto Sweetener Jar,11.99,"540 g, $2.22/100g",bakingEssentials,No Frills
Chocolate Baking Crumbs,3.79,"400 g, $0.95/100g",bakingEssentials,No Frills
Premium Dutch Processed Cacao,10.49,"454 g, $2.31/100g",bakingEssentials,No Frills
Semi-Sweet Chocolate Chips,3.79,"300 g, $1.26/100g",bakingEssentials,No Frills
White Whole Wheat,20.99,"9.07 kg, $0.23/100g",bakingEssentials,No Frills
"Pudding Supreme, English Toffee",1.69,"90 g, $1.88/100g",bakingEssentials,No Frills
"Chipits Pure Semi-Sweet Chocolate Chips, 925G",10.99,"925 g, $1.19/100g",bakingEssentials,No Frills
Cherry Pie Filling,5.99,"540 ml, $1.11/100ml",bakingEssentials,No Frills
Minute Tapioca,3.99,"227 g, $1.76/100g",bakingEssentials,No Frills
"Raspberry Jelly Powder Light, Gelatin Mix",1.19,"10 g, $11.90/100g",bakingEssentials,No Frills
00 Style Pizza Flour,6.49,"2000 g, $0.32/100g",bakingEssentials,No Frills
Glutinous Rice Flour,1.79,"400 g, $0.45/100g",bakingEssentials,No Frills
"Gluten Free Cookie Mix, Chocolate Chip",6.49,"400 g, $1.62/100g",bakingEssentials,No Frills
Gluten Free Chocolate Cake Mix,6.49,"400 g, $1.62/100g",bakingEssentials,No Frills
Corn Flour Makki Ka Atta,17.49,"5 kg, $0.35/100g",bakingEssentials,No Frills
Premium Cocoa,9.99,"454 g, $2.20/100g",bakingEssentials,No Frills
Organic Coconut Flour,8.99,"500 g, $1.80/100g",bakingEssentials,No Frills
"Whole Raw Cashews, 1.13KG",26.99,"1.13 kg, $2.39/100g",bakingEssentials,No Frills
Best For Bread Homestyle White Flour,6.49,"2.5 kg, $0.26/100g",bakingEssentials,No Frills
Rice Flour,2.99,"800 g, $0.37/100g",bakingEssentials,No Frills
Vanilla Custard,2.99,"300 g, $1.00/100g",bakingEssentials,No Frills
"Dried Plums, Pitted Prunes",9.99,"227 g, $4.40/100g",bakingEssentials,No Frills
Granulated Sugar Blend for Baking,10.49,"908 g, $1.16/100g",bakingEssentials,No Frills
Imitation Vanilla Extract,6.99,"59 ml, $11.85/100ml",bakingEssentials,No Frills
All-Purpose Baking Flour Gluten Free,7.49,"624 g, $1.20/100g",bakingEssentials,No Frills
Demerara Organic Brown Cane Sugar,6.49,"1 kg, $0.65/100g",bakingEssentials,No Frills
Monk Fruit Sweetener,11.49,"80 ea, $0.14/1ea",bakingEssentials,No Frills
"Shirriff Filling and Dessert Mix, Lemon Pie",4.29,"425 g, $1.01/100g",bakingEssentials,No Frills
Imitation Vanilla Extract,6.99,"113 g, $6.19/100g",bakingEssentials,No Frills
No Calorie Stevia Sweetener Packets,12.99,"280 g, $4.64/100g",bakingEssentials,No Frills
Sliced Blanched Almonds ,2.49,"100 g, $2.49/100g",bakingEssentials,No Frills
Bisquick Gluten Free Variety Baking Mix,7.99,"454 g, $1.76/100g",bakingEssentials,No Frills
Graham Cracker Pie Crust,2.79,"170 g, $1.64/100g",bakingEssentials,No Frills
"All Purpose Unbleached Flour, Club Size",13.49,"10 kg, $0.13/100g",bakingEssentials,No Frills
Dried Cranberries,8.99,"250 g, $3.60/100g",bakingEssentials,No Frills
Calorie-Free Stevia Sweetener,6.49,"100 ea, $0.06/1ea",bakingEssentials,No Frills
Liquid Stevia No Calorie Sweetener,6.79,"50 ml, $13.58/100ml",bakingEssentials,No Frills
Urad Flour,6.49,"800 g, $0.81/100g",bakingEssentials,No Frills
Chipits Cream Cheese,4.79,"200 g, $2.40/100g",bakingEssentials,No Frills
Dried Goji Berries,9.29,"200 g, $4.65/100g",bakingEssentials,No Frills
Whole Wheat Flour,13.99,"9 kg, $0.16/100g",bakingEssentials,No Frills
"Food Colour, Red",3.29,"28 ml, $11.75/100ml",bakingEssentials,No Frills
Dried Goji Berries,9.29,"200 g, $4.65/100g",bakingEssentials,No Frills
Madagascar Bourbon Vanilla Bean Paste,12.99,"118 g, $11.01/100g",bakingEssentials,No Frills
Whole Almonds,17.99,"1 kg, $1.80/100g",bakingEssentials,No Frills
"Artificial Vanilla Extract, Club Size",8.99,"1 l, $0.90/100ml",bakingEssentials,No Frills
"Almond Extract, Pure",4.29,"43 ml, $9.98/100ml",bakingEssentials,No Frills
The Decadent White Chocolate Chips,3.49,"226 g, $1.54/100g",bakingEssentials,No Frills
Original All Purpose Flour,18.99,"10 kg, $0.19/100g",bakingEssentials,No Frills
Calorie-Free Sweetener from the Stevia Leaf Spoonable Jar,9.49,"270 g, $3.51/100g",bakingEssentials,No Frills
Wheat Atta Flour,13.99,"9 kg, $0.16/100g",bakingEssentials,No Frills
The Decadent Chocolate Chip Cookie Mix,3.99,"900 g, $0.44/100g",bakingEssentials,No Frills
Chocolate Chip Cookie Mix Snack Size,1.69,"212 g, $0.80/100g",bakingEssentials,No Frills
Pancake Mix,6.49,"900 g, $0.72/100g",bakingEssentials,No Frills
Reduced Sodium Potato Pancake Mix,5.49,"170 g, $3.23/100g",bakingEssentials,No Frills
Coconut Milk Organic,5.99,"400 ml, $1.50/100ml",bakingEssentials,No Frills
Blueberry Buttermilk Flavour Muffin Mix,6.29,"900 g, $0.70/100g",bakingEssentials,No Frills
Jam & Jelly Mix,4.79,"900 g, $0.53/100g",bakingEssentials,No Frills
Sweet Potato Pancake Mix   ,5.49,"170 g, $3.23/100g",bakingEssentials,No Frills
White King Puto Mix,2.49,"400 g, $0.62/100g",bakingEssentials,No Frills
Fine Grind Almond Flour ,18.99,"1 kg, $1.90/100g",bakingEssentials,No Frills
"Angel Food Cake Mix, White",4.99,"430 g, $1.16/100g",bakingEssentials,No Frills
Golden Yellow Sugar,5.29,"2 kg, $0.26/100g",bakingEssentials,No Frills
Potato Pancake Mix,5.49,"170 g, $3.23/100g",bakingEssentials,No Frills
Oatmeal Chocolate Chip Muffin Mix,6.29,"900 g, $0.70/100g",bakingEssentials,No Frills
No Calorie Stevia Sweetener Packets,5.99,"80 g, $7.49/100g",bakingEssentials,No Frills
Robertson's Mincemeat Without Suet 635 ml,11.99,"635 ml, $1.89/100ml",bakingEssentials,No Frills
Whole Raw Cashews 200 g,6.49,"200 g, $3.25/100g",bakingEssentials,No Frills
"Mug Cake, Rainbow Bit Flavour, Frosting Included",3.99,"294 g, $1.36/100g",bakingEssentials,No Frills
"Seasoning, Original     ",6.79,"250 g, $2.72/100g",bakingEssentials,No Frills
Soya Mini Chunks,2.49,"220 g, $1.13/100g",bakingEssentials,No Frills
Gluten Free Chocolate Chip Cookie Mix,7.99,"539 g, $1.48/100g",bakingEssentials,No Frills
All Purpose Unbleached Flour,4.79,"2.5 kg, $0.19/100g",bakingEssentials,No Frills
Wheat Semolina Sooji,6.99,"2 kg, $0.35/100g",bakingEssentials,No Frills
Matcha Almonds Organic,8.99,"160 g, $5.62/100g",bakingEssentials,No Frills
Stevia Leaf Extract Sweetener,4.79,"90 g, $5.32/100g",bakingEssentials,No Frills
Confectioners Sugar,6.99,"454 g, $1.54/100g",bakingEssentials,No Frills
"Organic All-Purpose Flour, Unbleached",8.99,"2.5 kg, $0.36/100g",bakingEssentials,No Frills
Corn Flour,6.49,"1810 g, $0.36/100g",bakingEssentials,No Frills
Pitted Dates,6.49,"250 g, $2.60/100g",bakingEssentials,No Frills
Candy Melts® 12oz Light Cocoa,3.49,"340 g, $1.03/100g",bakingEssentials,No Frills
All-Purpose Flour,2.79,"1 kg, $0.28/100g",bakingEssentials,No Frills
Kosher Chocolate Chips,5.29,"255 g, $2.07/100g",bakingEssentials,No Frills
Brownies Mix - Frosted,3.99,"550 g, $0.73/100g",bakingEssentials,No Frills
Honey Graham Crumbs,3.79,"400 g, $0.95/100g",bakingEssentials,No Frills
Whole Wheat All Purpose Flour,6.49,"2.5 kg, $0.26/100g",bakingEssentials,No Frills
Cracked Wheat Dalia,3.00,"800 g, $0.38/100g",bakingEssentials,No Frills
Vanilla Sugar,2.49,"54 g, $4.61/100g",bakingEssentials,No Frills
Berry Sugar,3.29,"1 kg, $0.33/100g",bakingEssentials,No Frills
Brown Rice Flour,4.29,"454 g, $0.94/100g",bakingEssentials,No Frills
Apple Pie Filling,5.99,"540 ml, $1.11/100ml",bakingEssentials,No Frills
"Shirriff Filling & Dessert Mix, Light Lemon Pie",2.99,"106 g, $2.82/100g",bakingEssentials,No Frills
"Pie Filling, Blueberry",5.99,"540 ml, $1.11/100ml",bakingEssentials,No Frills
Grain Free Blueberry Muffin Mix,7.99,"255 g, $3.13/100g",bakingEssentials,No Frills
Vanilla Sugar,2.49,"54 g, $4.61/100g",bakingEssentials,No Frills
Brownies Mix - Frosted,3.99,"550 g, $0.73/100g",bakingEssentials,No Frills
Bran Muffin Mix,6.29,"900 g, $0.70/100g",bakingEssentials,No Frills
Cracked Wheat Dalia,3.00,"800 g, $0.38/100g",bakingEssentials,No Frills
Honey Graham Crumbs,3.79,"400 g, $0.95/100g",bakingEssentials,No Frills
Chocolate Chip Muffin Mix,1.69,"184 g, $0.92/100g",bakingEssentials,No Frills
Baking Powder,2.49,"84 g, $2.96/100g",bakingEssentials,No Frills
Pecan Pieces,2.49,"100 g, $2.49/100g",bakingEssentials,No Frills
Slivered Almonds ,2.49,"100 g, $2.49/100g",bakingEssentials,No Frills
"Pudding Supreme, Chocolate",1.69,"90 g, $1.88/100g",bakingEssentials,No Frills
Dried Mixed Fruit,14.99,"227 g, $6.60/100g",bakingEssentials,No Frills
"Matzo Meal, Gluten Free, 12Oz",10.49,"340 g, $3.09/100g",bakingEssentials,No Frills
"Shirriff Mousse Mix, Strawberry",2.29,"69 g, $3.32/100g",bakingEssentials,No Frills
Pizza Yeast,5.49,"113 g, $4.86/100g",bakingEssentials,No Frills
Thompson Seedless Raisins  ,4.29,"375 g, $1.14/100g",bakingEssentials,No Frills
Sultana Raisins,7.99,"750 g, $1.07/100g",bakingEssentials,No Frills
"Dried Plums, Extra Large Prunes",13.99,"340 g, $4.11/100g",bakingEssentials,No Frills
Gluten Free Pancake Mix,5.49,"400 g, $1.37/100g",bakingEssentials,No Frills
Custard Powder,5.49,"340 g, $1.61/100g",bakingEssentials,No Frills
Pure Lemon Extract,3.99,"43 ml, $9.28/100ml",bakingEssentials,No Frills
Artificial Vanilla Extract,4.79,"125 ml, $3.83/100ml",bakingEssentials,No Frills
Flour,19.99,"9 kg, $0.22/100g",bakingEssentials,No Frills
"Vanilla, Artificial",3.99,"43 ml, $9.28/100ml",bakingEssentials,No Frills
Milk Chocolate Couverture,3.99,"250 g, $1.60/100g",bakingEssentials,No Frills
Punjabi Shakkar Poudre de Jaggery 1 kg,4.00,"1 kg, $0.40/100g",bakingEssentials,No Frills
Super Moist Cake Mix Lemon,1.69,"375 g, $0.45/100g",bakingEssentials,No Frills
"Matzo Meal, Panko Style",5.99,"454 g, $1.32/100g",bakingEssentials,No Frills
Whip It,0.99,"20 g, $4.95/100g",bakingEssentials,No Frills
Whipped Frosting Vanilla,2.29,"340 g, $0.67/100g",bakingEssentials,No Frills
Pitted Dates,3.99,"500 g, $0.80/100g",bakingEssentials,No Frills
Cane Sugar Shakkar,10.99,"5 kg, $0.22/100g",bakingEssentials,No Frills
Tapioca Starch,1.49,"400 g, $0.37/100g",bakingEssentials,No Frills
Pizza Yeast Strip,2.29,"24 g, $9.54/100g",bakingEssentials,No Frills
Granulated Calorie-Free Sucralose Sweetener,8.49,"275 g, $3.09/100g",bakingEssentials,No Frills
Low Calorie Brown Sugar Blend for Baking,8.99,"454 g, $1.98/100g",bakingEssentials,No Frills
Oh Mega Mix Organic,5.99,"135 g, $4.44/100g",bakingEssentials,No Frills
Organic Cocoa Powder,7.49,"224 g, $3.34/100g",bakingEssentials,No Frills
Yellow Rock Sugar ,1.79,"400 g, $0.45/100g",bakingEssentials,No Frills
Stevia Liquid,4.49,"43 ml, $9.35/100ml",bakingEssentials,No Frills
Creamy Deluxe French Vanilla Frosting ,2.29,"450 g, $0.51/100g",bakingEssentials,No Frills
No Calorie Granulated Sugar Substitute,12.99,"275 g, $4.72/100g",bakingEssentials,No Frills
Original All Purpose Flour,12.99,"5 kg, $0.26/100g",bakingEssentials,No Frills
Brown Sugar In Pieces ,1.79,"454 g, $0.39/100g",bakingEssentials,No Frills
Calorie-Free Sweetener from the Stevia Leaf Sachets/Packets,9.49,"160 g, $5.93/100g",bakingEssentials,No Frills
Swiss Baking Chocolate,10.99,"300 g, $3.66/100g",bakingEssentials,No Frills
Butterscotch Instant Pudding Mix,1.79,"99 g, $1.81/100g",bakingEssentials,No Frills
Dried Apricots ,9.99,"500 g, $2.00/100g",bakingEssentials,No Frills
Salted Mixed Nuts,8.79,"200 g, $4.40/100g",bakingEssentials,No Frills
Gluten Free All Purpose Flour,7.99,"800 g, $1.00/100g",bakingEssentials,No Frills
Super Fine Xanthan Gum,6.49,"227 g, $2.86/100g",bakingEssentials,No Frills
Organic Goji Berries,12.79,"140 g, $9.14/100g",bakingEssentials,No Frills
Organic Himalayan Sunshine,5.69,"150 g, $3.79/100g",bakingEssentials,No Frills
Baking Powder,4.49,"340 g, $1.32/100g",bakingEssentials,No Frills
Organic Coconut Smiles,3.49,"125 g, $2.79/100g",bakingEssentials,No Frills
Pecan Halves,14.99,"400 g, $3.75/100g",bakingEssentials,No Frills
Confetti Cake Mix,4.99,"430 g, $1.16/100g",bakingEssentials,No Frills
Creamed Rice Pudding,4.29,"400 g, $1.07/100g",bakingEssentials,No Frills
White Rice Flour,5.29,"680 g, $0.78/100g",bakingEssentials,No Frills
Shredded Coconut Unsweetened,6.49,"340 g, $1.91/100g",bakingEssentials,No Frills
Bread Machine Yeast,5.49,"113 g, $4.86/100g",bakingEssentials,No Frills
Pistachio Instant Pudding Mix,1.79,"99 g, $1.81/100g",bakingEssentials,No Frills
"Cocoa, Club Size",8.49,"454 g, $1.87/100g",bakingEssentials,No Frills
Calorie-Free Sweetener Packets,2.99,"160 g, $1.87/100g",bakingEssentials,No Frills
Mini Marshmallow,3.19,"150 g, $2.13/100g",bakingEssentials,No Frills
Original Pancake & Waffle Mix,4.29,"905 g, $0.47/100g",bakingEssentials,No Frills
"Protein Pancake & Waffle Mix, Blueberry",9.49,"430 g, $2.21/100g",bakingEssentials,No Frills
Coconut Flour Organic,7.99,"453 g, $1.76/100g",bakingEssentials,No Frills
"The Decadent Semi Sweet Chocolate Chips, Club Size",10.99,"1 kg, $1.10/100g",bakingEssentials,No Frills
Organic All Purpose Flour,13.29,"2 kg, $0.66/100g",bakingEssentials,No Frills
Organic Jumbo Raisins Canister,8.49,"425 g, $2.00/100g",bakingEssentials,No Frills
Pure Fancy Molasses,4.49,"675 g, $0.67/100g",bakingEssentials,No Frills
Gluten Free Pizza Crust Mix,5.79,"454 g, $1.28/100g",bakingEssentials,No Frills
Family Cooking Molasses,5.29,"675 g, $0.78/100g",bakingEssentials,No Frills
"Protein Pancake & Waffle Mix, Apple Cinnamon",9.49,"430 g, $2.21/100g",bakingEssentials,No Frills
Gluten Free All Purpose Flour Blend,7.99,"907 g, $0.88/100g",bakingEssentials,No Frills
1 To 1 Gluten Free  Baking Flour,13.99,"1240 g, $1.13/100g",bakingEssentials,No Frills
No Calorie Granulated Monk Fruit Sweetener Jar,11.99,"540 g, $2.22/100g",bakingEssentials,No Frills
"Cookie Mix, Chocolate Chip, 22 Servings",3.99,"496 g, $0.80/100g",bakingEssentials,No Frills
Cocoa Canister,8.49,"198 g, $4.29/100g",bakingEssentials,No Frills
Pitted Prunes Organic,6.29,"225 g, $2.80/100g",bakingEssentials,No Frills
Maple Sugar,6.79,"220 g, $3.09/100g",bakingEssentials,No Frills
Vanilla Sugar,4.79,"340 g, $1.41/100g",bakingEssentials,No Frills
Brownie Mix,7.49,"595 g, $1.26/100g",bakingEssentials,No Frills
Natural Source Stevia Calorie-Free Liquid Sweetener,5.29,"50 ml, $10.58/100ml",bakingEssentials,No Frills
Crepe Mix Plain,6.29,"700 g, $0.90/100g",bakingEssentials,No Frills
No Bake Classic Cheesecake Dessert Kit,4.79,"314 g, $1.53/100g",bakingEssentials,No Frills
No Calorie Single-Serve Sweetener Packets,7.79,"100 g, $7.79/100g",bakingEssentials,No Frills
Unbleached All Purpose Flour,12.99,"5 kg, $0.26/100g",bakingEssentials,No Frills
"Chipits 70% Dark Chocolate Chunks, 200G",4.79,"200 g, $2.40/100g",bakingEssentials,No Frills
Whole Wheat Atta Flour,16.99,"9.07 kg, $0.19/100g",bakingEssentials,No Frills
Pre-Cooked White Corn Meal,4.00,"1 kg, $0.40/100g",bakingEssentials,No Frills
Besan,6.49,"1810 g, $0.36/100g",bakingEssentials,No Frills
Pure Vanilla,7.99,"46 ml, $17.37/100ml",bakingEssentials,No Frills
Food Colour Preparation,5.29,"44 ml, $12.02/100ml",bakingEssentials,No Frills
Madagascar Bourbon Pure Vanilla Extract,16.49,"120 ml, $13.74/100ml",bakingEssentials,No Frills
Dried Mango,7.49,"150 g, $4.99/100g",bakingEssentials,No Frills
Cream of Tartar,5.49,"62 g, $8.85/100g",bakingEssentials,No Frills
Unbleached Flour for Pizza,4.29,"1 kg, $0.43/100g",bakingEssentials,No Frills
Cinnamon Toast Crunch Cake Mix,3.99,"375 g, $1.06/100g",bakingEssentials,No Frills
Yeast Extract,4.99,"125 g, $3.99/100g",bakingEssentials,No Frills
Super Moist Cake Mix Golden,1.69,"375 g, $0.45/100g",bakingEssentials,No Frills
Super Moist Cake Mix Pecan,1.69,"375 g, $0.45/100g",bakingEssentials,No Frills
Honey Maid Graham Wafer Crumbs,5.49,"400 g, $1.37/100g",bakingEssentials,No Frills
Kosher Sun-Dried Figs Garland    ,3.29,"227 g, $1.45/100g",bakingEssentials,No Frills
Old-Fashioned Cake Donut Baking Mix,3.99,"500 g, $0.80/100g",bakingEssentials,No Frills
Super Moist Cake Mix Carrot,1.69,"375 g, $0.45/100g",bakingEssentials,No Frills
"Chocolate Mega Chunks, Semi-Sweet",6.49,"283 g, $2.29/100g",bakingEssentials,No Frills
"Creamy Deluxe Frosting, Chocolate",2.29,"450 g, $0.51/100g",bakingEssentials,No Frills
Plant Based Brownie Baking Mix,7.49,"500 g, $1.50/100g",bakingEssentials,No Frills
Brown Rice Flour,5.79,"680 g, $0.85/100g",bakingEssentials,No Frills
Whipped Buttercream Frosting,2.29,"340 g, $0.67/100g",bakingEssentials,No Frills
"Dry Roasted Pumpkin Seeds, Salted",4.79,"200 g, $2.40/100g",bakingEssentials,No Frills
Red Velvet Cupcakes with Cream Cheese Flavoured Frosting,3.99,"465 g, $0.86/100g",bakingEssentials,No Frills
Veggie Potato Pancake Mix,5.49,"170 g, $3.23/100g",bakingEssentials,No Frills
"Large Marshmallows, Club Size",5.99,"1 kg, $0.60/100g",bakingEssentials,No Frills
Organic Cane Sugar,5.99,"1 kg, $0.60/100g",bakingEssentials,No Frills
Organic Ginger Chunks,6.69,"175 g, $3.82/100g",bakingEssentials,No Frills
Pine Nuts,7.29,"100 g, $7.29/100g",bakingEssentials,No Frills
"Cherries, Cranberries & Dark Chocolate Trail Mix",5.99,"150 g, $3.99/100g",bakingEssentials,No Frills
Organic Sunflower Seeds,2.79,"175 g, $1.59/100g",bakingEssentials,No Frills
Baking Powder,5.99,"227 g, $2.64/100g",bakingEssentials,No Frills
Sweet Complete Calorie-Free All-Purpose Sweetener from the Stevia Leaf,8.99,"454 g, $1.98/100g",bakingEssentials,No Frills
Best for Cake & Pastry Flour,6.49,"2.5 kg, $0.26/100g",bakingEssentials,No Frills
Candy Melts® 12oz Bright White,3.49,"340 g, $1.03/100g",bakingEssentials,No Frills
Sweetened Shredded Coconut,2.29,"200 g, $1.15/100g",bakingEssentials,No Frills
Fine Grind Almond Flour,17.49,"454 g, $3.85/100g",bakingEssentials,No Frills
Creamy Deluxe Vanilla Frosting ,2.29,"340 g, $0.67/100g",bakingEssentials,No Frills
Dried Figs,7.49,"250 g, $3.00/100g",bakingEssentials,No Frills
Stone Ground Quinoa Flour,11.49,"454 g, $2.53/100g",bakingEssentials,No Frills
Bagged Ground Almonds,9.99,"170 g, $5.88/100g",bakingEssentials,No Frills
Whole Cashews,3.49,"100 g, $3.49/100g",bakingEssentials,No Frills
Rolled Oats,8.99,"907 g, $0.99/100g",bakingEssentials,No Frills
"Organic Flour, Whole Wheat",8.99,"2.5 kg, $0.36/100g",bakingEssentials,No Frills
Meringue Powder,5.79,"113 g, $5.12/100g",bakingEssentials,No Frills
Maple Flakes,6.79,"170 g, $3.99/100g",bakingEssentials,No Frills
Gluten Free Yellow Loaf Cake Mix,6.49,"400 g, $1.62/100g",bakingEssentials,No Frills
"Marshmallow, Fluffy White",3.19,"150 g, $2.13/100g",bakingEssentials,No Frills
"Potato Pancake Mix, Unsalted",5.49,"127 g, $4.32/100g",bakingEssentials,No Frills
Quick Rise Yeast,2.29,"24 g, $9.54/100g",bakingEssentials,No Frills
"Marshmallow, Fluffy White",3.19,"150 g, $2.13/100g",bakingEssentials,No Frills
Dosa Mix,3.49,"500 g, $0.70/100g",bakingEssentials,No Frills
Natural Turbinado Sugar,4.19,"50 g, $1.68/100g",bakingEssentials,No Frills
"Potato Pancake Mix, Unsalted",5.49,"127 g, $4.32/100g",bakingEssentials,No Frills
Traditional Yeast,5.49,"113 g, $4.86/100g",bakingEssentials,No Frills
Instant Corn Masa Flour Gluten Free,7.99,"1.8 kg, $0.44/100g",bakingEssentials,No Frills
Salted Caramel Brownies Mix,3.99,"521 g, $0.77/100g",bakingEssentials,No Frills
"Baking Flour, Gluten Free",7.99,"624 g, $1.28/100g",bakingEssentials,No Frills
Whole Wheat Flour,3.77,"2.5 kg, $0.15/100g",bakingEssentials,No Frills
"Chocolate Mini Chips, Semi-Sweet",6.49,"283 g, $2.29/100g",bakingEssentials,No Frills
Golden All-Vegetable Shortening,4.79,"454 g, $1.06/100g",bakingEssentials,No Frills
Sweet Complete Icing Calorie-Free Sweetener with the Stevia Leaf,8.99,"340 g, $2.64/100g",bakingEssentials,No Frills
Coconut Flour,8.99,"454 g, $1.98/100g",bakingEssentials,No Frills
Whipped Fluffy White Frosting,2.29,"340 g, $0.67/100g",bakingEssentials,No Frills
Walnut Pieces Club Size,14.99,"1 kg, $1.50/100g",bakingEssentials,No Frills
"Seasoning, Zesty     ",6.79,"250 g, $2.72/100g",bakingEssentials,No Frills
Corn Starch,3.00,"454 g, $0.66/100g",bakingEssentials,No Frills
Complete Original Pancake & Waffle Mix,4.29,"905 g, $0.47/100g",bakingEssentials,No Frills
Baking Soda,4.99,"340 g, $1.47/100g",bakingEssentials,No Frills
Cake & Pastry Flour,3.77,"2.5 kg, $0.15/100g",bakingEssentials,No Frills
Pure Lard,4.99,"454 g, $1.10/100g",bakingEssentials,No Frills
"Potato Pancake Mix, Roasted Garlic & Rosemary",5.49,"170 g, $3.23/100g",bakingEssentials,No Frills
Brown Whole Wheat Atta,20.99,"9.07 kg, $0.23/100g",bakingEssentials,No Frills
Flour Tapioca,5.99,"454 g, $1.32/100g",bakingEssentials,No Frills
Dried Apricots,6.49,"250 g, $2.60/100g",bakingEssentials,No Frills
"Food colouring, Green",3.29,"28 ml, $11.75/100ml",bakingEssentials,No Frills
Pure Peppermint & Mint Extract,3.99,"43 ml, $9.28/100ml",bakingEssentials,No Frills
The Decadent Triple Chocolate Brownie Baking Mix,3.99,"535 g, $0.75/100g",bakingEssentials,No Frills
Sweetened Dried Cranberries ,7.99,"750 g, $1.07/100g",bakingEssentials,No Frills
Cake Mix Spice,3.99,"375 g, $1.06/100g",bakingEssentials,No Frills
"SuperMoist Cake Mix, White",1.69,"404 g, $0.42/100g",bakingEssentials,No Frills
Unbleached All-Purpose Flour,11.99,"10 kg, $0.12/100g",bakingEssentials,No Frills
Whole Wheat Flour,11.99,"10 kg, $0.12/100g",bakingEssentials,No Frills
Super Moist Cake Mix Cherry Chips,1.69,"375 g, $0.45/100g",bakingEssentials,No Frills
Granulated White Sugar,15.97,"10 kg, $0.16/100g",bakingEssentials,No Frills
"Shirriff Pie Filling, Lemon",2.99,"212 g, $1.41/100g",bakingEssentials,No Frills
Quick Rise Yeast,5.49,"113 g, $4.86/100g",bakingEssentials,No Frills
Raw Walnut Halves & Pieces,6.99,"200 g, $3.50/100g",bakingEssentials,No Frills
Mug Hot Fudge Chocolate Brownie,3.99,"294 g, $1.36/100g",bakingEssentials,No Frills
Pine Nuts,24.99,"113 g, $22.12/100g",bakingEssentials,No Frills
Oat Flour,6.99,"700 g, $1.00/100g",bakingEssentials,No Frills
Calorie-Free Sweetener Packets,2.99,"200 g, $1.50/100g",bakingEssentials,No Frills
Pitted Prunes,12.49,"750 g, $1.67/100g",bakingEssentials,No Frills
Chopped Walnuts,8.49,"400 g, $2.12/100g",bakingEssentials,No Frills
Reese's Brownie Mix with REESE'S peanut Butter Chips,3.99,"453 g, $0.88/100g",bakingEssentials,No Frills
"Mousse Mix, Double Chocolate",2.29,"120 g, $1.91/100g",bakingEssentials,No Frills
Whipped Topping Mix,4.99,"170 g, $2.94/100g",bakingEssentials,No Frills
No Calorie Dissolvable Sweetener Tablet Minis,6.99,"11 g, $63.55/100g",bakingEssentials,No Frills
"Dessert Mix, Crème Caramel",2.29,"105 g, $2.18/100g",bakingEssentials,No Frills
Maraschino Cherries With Syrup,4.49,"375 ml, $1.20/100ml",bakingEssentials,No Frills
Plant Based Chocolate Cake Baking Mix,7.49,"454 g, $1.65/100g",bakingEssentials,No Frills
All-Vegetable Shortening,12.49,"1.36 kg, $0.92/100g",bakingEssentials,No Frills
Sweetened Flaked Coconut,2.29,"200 g, $1.15/100g",bakingEssentials,No Frills
Cheddar Bay Biscuit Mix,5.29,"322 g, $1.64/100g",bakingEssentials,No Frills
Old-Fashioned Pancake Mix,2.79,"905 g, $0.31/100g",bakingEssentials,No Frills
"Shirriff Pudding & Pie Filling, Coconut",2.99,"175 g, $1.71/100g",bakingEssentials,No Frills
Baking Powder,7.49,"450 g, $1.66/100g",bakingEssentials,No Frills
Bread Booster,5.49,"100 g, $5.49/100g",bakingEssentials,No Frills
Sultana Raisins,4.29,"375 g, $1.14/100g",bakingEssentials,No Frills
Pitted Prunes,6.79,"375 g, $1.81/100g",bakingEssentials,No Frills
"Grape Jelly Powder, Gelatin Mix",1.19,"85 g, $1.40/100g",bakingEssentials,No Frills
Natural Sweetener Bakers Bag,10.29,"275 g, $3.74/100g",bakingEssentials,No Frills
Semi-Sweet Chocolate Chips,10.49,"1 kg, $1.05/100g",bakingEssentials,No Frills
Lemon Instant Pudding Mix,1.79,"99 g, $1.81/100g",bakingEssentials,No Frills
Baking Soda,4.79,"454 g, $1.06/100g",bakingEssentials,No Frills
Traditional Yeast,2.29,"24 g, $9.54/100g",bakingEssentials,No Frills
Kosher Chocolate Chips,5.49,"283 g, $1.94/100g",bakingEssentials,No Frills
Soya Chunks,2.99,"220 g, $1.36/100g",bakingEssentials,No Frills
Pure Lard,4.49,"454 g, $0.99/100g",bakingEssentials,No Frills
All-Vegetable Shortening,4.49,"454 g, $0.99/100g",bakingEssentials,No Frills
Calorie-Free Sucralose Sweetener Packets,4.79,"100 ea, $0.05/1ea",bakingEssentials,No Frills
Thompson Seedless Raisins,7.99,"750 g, $1.07/100g",bakingEssentials,No Frills
Chocolate Chunk Brownie Mix,3.99,"440 g, $0.91/100g",bakingEssentials,No Frills
Walnut Pieces,8.49,"400 g, $2.12/100g",bakingEssentials,No Frills
Organic Granulated Sugar,6.00,"900 g, $0.67/100g",bakingEssentials,No Frills
Almond Flour,17.79,"500 g, $3.56/100g",bakingEssentials,No Frills
Dried Apricots,11.99,"170 g, $7.05/100g",bakingEssentials,No Frills
"Decorating Bar, White",5.59,"198 g, $2.82/100g",bakingEssentials,No Frills
Starch/Flour Arrowroot,7.99,"454 g, $1.76/100g",bakingEssentials,No Frills
Protein Pancake & Waffle Mix Vanilla,9.99,"430 g, $2.32/100g",bakingEssentials,No Frills
Besan Flour,8.49,"2 kg, $0.42/100g",bakingEssentials,No Frills
Erythritol,10.99,"340 g, $3.23/100g",bakingEssentials,No Frills
Organic Mangos,6.49,"125 g, $5.19/100g",bakingEssentials,No Frills
Whipped Chocolate Frosting,2.29,"340 g, $0.67/100g",bakingEssentials,No Frills
White Rice Flour,1.79,"400 g, $0.45/100g",bakingEssentials,No Frills
Whipped Cream Cheese Frosting,2.29,"340 g, $0.67/100g",bakingEssentials,No Frills
"Pure Lemon Extract, 2Oz",8.99,"59 ml, $15.24/100ml",bakingEssentials,No Frills
"Gelatine, Original",4.49,"28 g, $16.04/100g",bakingEssentials,No Frills
All Vegetables Shortening,4.79,"454 g, $1.06/100g",bakingEssentials,No Frills
"Nutritional Yeast, Large Flake",7.00,"142 g, $4.93/100g",bakingEssentials,No Frills
Oatmeal Muffin Mix,6.29,"900 g, $0.70/100g",bakingEssentials,No Frills
Whole Wheat Flour,22.99,"9.07 kg, $0.25/100g",bakingEssentials,No Frills
"Raspberry Jelly Powder, Gelatin Mix",1.19,"85 g, $1.40/100g",bakingEssentials,No Frills
"Gluten Free Cake Mix, Golden",6.49,"400 g, $1.62/100g",bakingEssentials,No Frills
"Matzo Meal, Gluten Free",12.99,"425 g, $3.06/100g",bakingEssentials,No Frills
Maple Flavour Marshmallows,3.29,"400 g, $0.82/100g",bakingEssentials,No Frills
Protein Pancake & Waffle Mix Vanilla,9.99,"430 g, $2.32/100g",bakingEssentials,No Frills
"Cookies Mix, Cinnamon Toast Crunch",3.99,"357 g, $1.12/100g",bakingEssentials,No Frills
"Lime Jelly Powder, Gelatin Mix",1.19,"85 g, $1.40/100g",bakingEssentials,No Frills
Shirriff Chocolate Pudding & Pie Filling,2.99,"180 g, $1.66/100g",bakingEssentials,No Frills
Whole Wheat Flour,22.99,"9.07 kg, $0.25/100g",bakingEssentials,No Frills
"Raspberry Jelly Powder, Gelatin Mix",1.19,"85 g, $1.40/100g",bakingEssentials,No Frills
No Calorie Granulated Stevia Sweetener,9.49,"280 g, $3.39/100g",bakingEssentials,No Frills
Buttermilk Complete Pancake Mix,4.29,"905 g, $0.47/100g",bakingEssentials,No Frills
100 % Natural Brown Cane Sugar,2.49,"1 kg, $0.25/100g",bakingEssentials,No Frills
Whipped Chocolate Frosting,2.29,"340 g, $0.67/100g",bakingEssentials,No Frills
Whole Wheat All Purpose Flour,12.99,"5 kg, $0.26/100g",bakingEssentials,No Frills
White Rice Flour,1.79,"400 g, $0.45/100g",bakingEssentials,No Frills
"Gluten Free Cake Mix, Golden",6.49,"400 g, $1.62/100g",bakingEssentials,No Frills
Whole Wheat Flour,6.49,"5 kg, $0.13/100g",bakingEssentials,No Frills
Organic Cocoa Nibs,9.49,"227 g, $4.18/100g",bakingEssentials,No Frills
Sliced Blanched Almonds ,5.99,"400 g, $1.50/100g",bakingEssentials,No Frills
Mini Reese's Pieces Cookie Mix,3.99,"337 g, $1.18/100g",bakingEssentials,No Frills
Original All Purpose Flour,4.99,"1 kg, $0.50/100g",bakingEssentials,No Frills
Butter Tart Filling Mix,2.99,"180 g, $1.66/100g",bakingEssentials,No Frills
"Pudding Supreme, French Vanilla",1.69,"90 g, $1.88/100g",bakingEssentials,No Frills
Pure Vanilla,17.99,"125 ml, $14.39/100ml",bakingEssentials,No Frills
"Chipits White Creme Baking Chips, 200G",4.79,"200 g, $2.40/100g",bakingEssentials,No Frills
"Vanilla, Premium Artificial",6.29,"125 ml, $5.03/100ml",bakingEssentials,No Frills
Artificial Vanilla Extract,3.29,"125 ml, $2.63/100ml",bakingEssentials,No Frills
Chocolate Pie Crust,2.79,"170 g, $1.64/100g",bakingEssentials,No Frills
Desi Style Durum Flour,18.99,"9.07 kg, $0.21/100g",bakingEssentials,No Frills
Brown Sugar,10.99,"4.55 kg, $0.24/100g",bakingEssentials,No Frills
Pure Vanilla Extract,8.99,"59 ml, $15.24/100ml",bakingEssentials,No Frills
Natural Source Granulated Stevia Calorie-Free Sweetener,5.99,"275 g, $2.18/100g",bakingEssentials,No Frills
Stevia Sweetener Packets,3.99,"80 g, $4.99/100g",bakingEssentials,No Frills
Old-Fashioned Chocolate Cake Donut Baking Mix,3.99,"500 g, $0.80/100g",bakingEssentials,No Frills
Durum Atta Flour,19.99,"9 kg, $0.22/100g",bakingEssentials,No Frills
Textured Vegetable Protein,5.79,"340 g, $1.70/100g",bakingEssentials,No Frills
Tomato Paste,1.00,"156 ml, $0.64/100ml",pasta_sauce,No Frills
Garden Select Tomato & Basil Pasta Sauce,2.69,"640 ml, $0.42/100ml",pasta_sauce,No Frills
Tomato Paste,1.49,"156 ml, $0.96/100ml",pasta_sauce,No Frills
Spaghetti Pasta,1.99,"900 g, $0.22/100g",pasta_sauce,No Frills
Garden Select Parmesan & Romano Pasta Sauce,2.69,"640 ml, $0.42/100ml",pasta_sauce,No Frills
Elbow Macaroni Pasta,1.99,"900 g, $0.22/100g",pasta_sauce,No Frills
Garden Select Garlic & Onion Pasta Sauce,2.69,"640 ml, $0.42/100ml",pasta_sauce,No Frills
"Pizza Squeeze, Original",2.49,"375 ml, $0.66/100ml",pasta_sauce,No Frills
Garden Select Country Mushroom Pasta Sauce,2.69,"640 ml, $0.42/100ml",pasta_sauce,No Frills
Rotini Pasta,1.99,"900 g, $0.22/100g",pasta_sauce,No Frills
Pizza Sauce,1.00,"213 ml, $0.47/100ml",pasta_sauce,No Frills
Spaghettini Pasta,1.99,"900 g, $0.22/100g",pasta_sauce,No Frills
Marinara Pasta Sauce,3.79,"650 ml, $0.58/100ml",pasta_sauce,No Frills
Penne Rigate Pasta,1.99,"900 g, $0.22/100g",pasta_sauce,No Frills
Tomato & Basil Spaghetti Pasta Sauce,3.99,"650 ml, $0.61/100ml",pasta_sauce,No Frills
"Macaroni & Cheese, Shells & White Cheddar",2.49,"170 g, $1.46/100g",pasta_sauce,No Frills
Sweet Basil Marinara Spaghetti Pasta Sauce,3.99,"650 ml, $0.61/100ml",pasta_sauce,No Frills
"Pasta, Shells With Cheddar",2.49,"170 g, $1.46/100g",pasta_sauce,No Frills
Fusilli Pasta,1.99,"900 g, $0.22/100g",pasta_sauce,No Frills
Tomato Sauce    ,1.79,"680 ml, $0.26/100ml",pasta_sauce,No Frills
Alfredo Spaghetti Pasta Sauce,3.99,"410 ml, $0.97/100ml",pasta_sauce,No Frills
"Pasta Sauce, Thick & Zesty Garlic & Herb",2.00,"680 ml, $0.29/100ml",pasta_sauce,No Frills
Pasta Spaghetti,2.00,"410 g, $0.49/100g",pasta_sauce,No Frills
Four Cheese Spaghetti Pasta Sauce,3.99,"650 ml, $0.61/100ml",pasta_sauce,No Frills
"Pizza Sauce, Regular",1.19,"213 ml, $0.56/100ml",pasta_sauce,No Frills
Rotini Pasta,2.00,"410 g, $0.49/100g",pasta_sauce,No Frills
Sweet Basil Pasta Sauce,3.79,"650 ml, $0.58/100ml",pasta_sauce,No Frills
Instant Noodles,1.50,"400 g, $0.38/100g",pasta_sauce,No Frills
Cavatappi Pasta,1.99,"900 g, $0.22/100g",pasta_sauce,No Frills
Alfredo & Roasted Garlic Spaghetti Pasta Sauce,3.99,"410 ml, $0.97/100ml",pasta_sauce,No Frills
"Macaroni & Cheese, Classic Mild Cheddar",2.49,"170 g, $1.46/100g",pasta_sauce,No Frills
Basil Pesto,4.00,"270 ml, $1.48/100ml",pasta_sauce,No Frills
Vermicelli Longkou Pancit Sotanghon,2.29,"8x50.0 g, $0.57/100g",pasta_sauce,No Frills
Pure Tomato Paste,1.99,"369 ml, $0.54/100ml",pasta_sauce,No Frills
"Pasta Sauce, Thick & Zesty Original",2.00,"680 ml, $0.29/100ml",pasta_sauce,No Frills
Udon Noodles,3.49,"800 g, $0.44/100g",pasta_sauce,No Frills
"Gluten Free, Fusilli Pasta",2.99,"340 g, $0.88/100g",pasta_sauce,No Frills
Spaghettini Pasta,2.00,"410 g, $0.49/100g",pasta_sauce,No Frills
Oven-ready Lasagna Pasta,2.49,"375 g, $0.66/100g",pasta_sauce,No Frills
Fettuccine Pasta,1.99,"900 g, $0.22/100g",pasta_sauce,No Frills
"Gluten Free, Spaghetti Pasta",2.99,"340 g, $0.88/100g",pasta_sauce,No Frills
Extra Broad Cholesterol-Free Egg White Noodles,2.99,"340 g, $0.88/100g",pasta_sauce,No Frills
Cut Macoroni Pasta,2.00,"410 g, $0.49/100g",pasta_sauce,No Frills
Four Cheese Alfredo Spaghetti Pasta Sauce,3.99,"410 ml, $0.97/100ml",pasta_sauce,No Frills
Roasted Garlic Alfredo Pasta Sauce,3.79,"410 ml, $0.92/100ml",pasta_sauce,No Frills
Tomato Sauce,1.99,"398 ml, $0.50/100ml",pasta_sauce,No Frills
Potato Gnocchi,3.99,"350 g, $1.14/100g",pasta_sauce,No Frills
Vegetable Rice Fusilli,2.79,"454 g, $0.61/100g",pasta_sauce,No Frills
Organic Brown Rice Fusilli,2.79,"454 g, $0.61/100g",pasta_sauce,No Frills
Potato Gnocchi,3.99,"350 g, $1.14/100g",pasta_sauce,No Frills
Vegetable Rice Fusilli,2.79,"454 g, $0.61/100g",pasta_sauce,No Frills
Rosée Pasta Sauce,4.29,"300 ml, $1.43/100ml",pasta_sauce,No Frills
Kosher Tomato Sauce,3.49,"500 g, $0.70/100g",pasta_sauce,No Frills
Organic Vegetable Bouillon Cubes,4.29,"66 g, $6.50/100g",pasta_sauce,No Frills
100% Whole Grain Whole Wheat Penne Rigate,2.79,"375 g, $0.74/100g",pasta_sauce,No Frills
Rice & Quinoa Macaroni Pasta,4.99,"227 g, $2.20/100g",pasta_sauce,No Frills
Tomato Paste Organic,4.79,"130 g, $3.68/100g",pasta_sauce,No Frills
Gran Gusto Pesto Sauce,5.49,"190 g, $2.89/100g",pasta_sauce,No Frills
Quinoa,19.99,"1.8 kg, $1.11/100g",pasta_sauce,No Frills
Matzo Farfel     ,8.99,"397 g, $2.26/100g",pasta_sauce,No Frills
California White Basmati Rice,9.99,"907 g, $1.10/100g",pasta_sauce,No Frills
"Classic, Small Shells Pasta",2.69,"375 g, $0.72/100g",pasta_sauce,No Frills
Wild Blend Gourmet Brown Rice,9.29,"454 g, $2.05/100g",pasta_sauce,No Frills
Tomatoes First Original Tomato Sauce,2.19,"680 ml, $0.32/100ml",pasta_sauce,No Frills
Fusilli,2.99,"450 g, $0.66/100g",pasta_sauce,No Frills
"Classic, Penne Rigate Pasta",2.69,"500 g, $0.54/100g",pasta_sauce,No Frills
Tricolour Rotini Pasta,2.49,"454 g, $0.55/100g",pasta_sauce,No Frills
Sweet & Sour Duck Sauce,9.49,"1.18 l, $0.80/100ml",pasta_sauce,No Frills
Chicken Broth,2.00,"900 ml, $0.22/100ml",pasta_sauce,No Frills
Brown Rice Shells,2.79,"454 g, $0.61/100g",pasta_sauce,No Frills
"Skillet Gnocchi, Cheese Family Size",9.99,"520 g, $1.92/100g",pasta_sauce,No Frills
Small Shells,2.99,"750 g, $0.40/100g",pasta_sauce,No Frills
Premium Soy Dressing With Yuzu Citrus Yuzu Ponzu,6.99,"355 ml, $1.97/100ml",pasta_sauce,No Frills
Kosher Fine Egg Noodles,1.49,"196 g, $0.76/100g",pasta_sauce,No Frills
"Organic Couscous, Roasted Garlic & Olive Oil",4.79,"198 g, $2.42/100g",pasta_sauce,No Frills
Pasta Spaghettini Nests 450 g,5.29,"450 g, $1.18/100g",pasta_sauce,No Frills
"Kosher Yolk Free Noodles, Wide",6.59,"354 g, $1.86/100g",pasta_sauce,No Frills
Udon Noodles ,1.99,"363 g, $0.55/100g",pasta_sauce,No Frills
Quinoa & Brown Rice Herb & Garlic,4.79,"180 g, $2.66/100g",pasta_sauce,No Frills
"Sweet Potato Vermicelli, Wide",1.79,"400 g, $0.45/100g",pasta_sauce,No Frills
"Rainbow Tortellini, Cheese, Twin Pack ",5.99,"500 g, $1.20/100g",pasta_sauce,No Frills
Buckwheat Soba Noodles ,1.99,"363 g, $0.55/100g",pasta_sauce,No Frills
Capellini,2.99,"450 g, $0.66/100g",pasta_sauce,No Frills
Cholesterol-Free Egg White Noodles Fine,2.99,"340 g, $0.88/100g",pasta_sauce,No Frills
Kosher Marinara Vodka Sauce,4.29,"710 g, $0.60/100g",pasta_sauce,No Frills
Fish Sauce,1.50,"200 ml, $0.75/100ml",pasta_sauce,No Frills
Cheddar Flavour Plant-Based Deluxe Mac & Cheeze,4.99,"300 g, $1.66/100g",pasta_sauce,No Frills
Whole Grain Spaghetti Pasta,2.79,"375 g, $0.74/100g",pasta_sauce,No Frills
Penne Rigate Pasta,2.49,"454 g, $0.55/100g",pasta_sauce,No Frills
Falafel Mix,4.79,"284 g, $1.69/100g",pasta_sauce,No Frills
"Pasta, Orzo ",2.49,"450 g, $0.55/100g",pasta_sauce,No Frills
Organic Green Lentils,3.69,"450 g, $0.82/100g",pasta_sauce,No Frills
Organic Navy Beans,3.69,"450 g, $0.82/100g",pasta_sauce,No Frills
Soba Organic,4.49,"269 g, $1.67/100g",pasta_sauce,No Frills
Spaghettini,4.79,"2 kg, $0.24/100g",pasta_sauce,No Frills
Macaroni Products Pennine Rigate,2.99,"750 g, $0.40/100g",pasta_sauce,No Frills
Medium Dry Noodles,6.49,"1.81 kg, $0.36/100g",pasta_sauce,No Frills
Organic Rotini,4.00,"454 g, $0.88/100g",pasta_sauce,No Frills
Bolognese Spaghetti Pasta Sauce,3.99,"650 ml, $0.61/100ml",pasta_sauce,No Frills
"Gluten Free, Macaroni Pasta",2.99,"340 g, $0.88/100g",pasta_sauce,No Frills
Tri-Colour Rotini Pasta,3.49,"375 g, $0.93/100g",pasta_sauce,No Frills
"Whole Grains, Rotini Pasta",3.49,"375 g, $0.93/100g",pasta_sauce,No Frills
"Smart, Spaghetti Pasta",3.49,"375 g, $0.93/100g",pasta_sauce,No Frills
Roasted Portobello Mushrooms Spaghetti Pasta Sauce,3.99,"650 ml, $0.61/100ml",pasta_sauce,No Frills
"Tricolour, Fusilli Pasta",3.49,"375 g, $0.93/100g",pasta_sauce,No Frills
"Whole Grains, Macaroni Pasta",3.49,"375 g, $0.93/100g",pasta_sauce,No Frills
"Whole Grains, Penne Rigate Pasta",3.49,"375 g, $0.93/100g",pasta_sauce,No Frills
Linguine Pasta,2.00,"410 g, $0.49/100g",pasta_sauce,No Frills
"Pasta Sauce, Original",2.49,"680 ml, $0.37/100ml",pasta_sauce,No Frills
Thin Shrimp Egg Noodles,2.29,"454 g, $0.50/100g",pasta_sauce,No Frills
Rainbow Tortellini with Cheese ,8.99,"700 g, $1.28/100g",pasta_sauce,No Frills
Four Cheese Filled Gnocchi,3.99,"280 g, $1.43/100g",pasta_sauce,No Frills
Pasta Rigatoni No. 24,3.29,"450 g, $0.72/100g",pasta_sauce,No Frills
Skillet Gnocchi ,9.99,"700 g, $1.43/100g",pasta_sauce,No Frills
"Rice Stick, Small",2.29,"454 g, $0.50/100g",pasta_sauce,No Frills
Instant Japanese Udon Noodles,3.99,"800 g, $0.50/100g",pasta_sauce,No Frills
"Pasta Sauce, Thick & Zesty Romano Cheese & Basil",2.00,"680 ml, $0.29/100ml",pasta_sauce,No Frills
Cornstarch Sticks Golden Bihon,2.29,"454 g, $0.50/100g",pasta_sauce,No Frills
Penne Rigate Pasta,2.00,"410 g, $0.49/100g",pasta_sauce,No Frills
Stix Skillet Gnocchi,4.99,"280 g, $1.78/100g",pasta_sauce,No Frills
"Shrimp Egg Noodles, Thin ",3.49,"454 g, $0.77/100g",pasta_sauce,No Frills
Elbow Pasta,6.49,"2.27 kg, $0.29/100g",pasta_sauce,No Frills
"Organic Soup, Black Bean Vegetable",5.29,"398 ml, $1.33/100ml",pasta_sauce,No Frills
Brown Rice Elbows,2.79,"454 g, $0.61/100g",pasta_sauce,No Frills
Rice Vermicelli Noodles,1.99,"225 g, $0.88/100g",pasta_sauce,No Frills
Kosher Egg Noodles,1.49,"196 g, $0.76/100g",pasta_sauce,No Frills
Organic Red Lentil Rice Penne,6.00,"227 g, $2.64/100g",pasta_sauce,No Frills
"Kosher Pasta Sauce, Marinara with Basil",4.49,"737 g, $0.61/100g",pasta_sauce,No Frills
Chicken Bone Broth,4.49,"1 l, $0.45/100ml",pasta_sauce,No Frills
Spinach & Cheese Pasta Sauce,3.79,"650 ml, $0.58/100ml",pasta_sauce,No Frills
Passata Di Pomodoro Strained Tomatoes,3.49,"680 ml, $0.51/100ml",pasta_sauce,No Frills
Penne Ziti Rigate,2.99,"450 g, $0.66/100g",pasta_sauce,No Frills
"Organic Soup, Creamy Butternut Squash",6.29,"1 l, $0.63/100ml",pasta_sauce,No Frills
"Pasta, Spaghettini",2.99,"750 g, $0.40/100g",pasta_sauce,No Frills
Original Pasta Sauce,7.99,"1.8 l, $0.44/100ml",pasta_sauce,No Frills
Organics Quinoa,3.99,"225 g, $1.77/100g",pasta_sauce,No Frills
White Spaghetti Pasta With Fibre,2.79,"375 g, $0.74/100g",pasta_sauce,No Frills
"Couscous, Original",4.79,"340 g, $1.41/100g",pasta_sauce,No Frills
Garlic Pasta Sauce,1.79,"680 ml, $0.26/100ml",pasta_sauce,No Frills
Gnocchi,2.79,"500 g, $0.56/100g",pasta_sauce,No Frills
"Pizza Sauce, Hot & Spicy",1.19,"213 ml, $0.56/100ml",pasta_sauce,No Frills
"Classic, Spaghetti Pasta",2.69,"500 g, $0.54/100g",pasta_sauce,No Frills
Whole Grain Matzo Farfel   ,8.99,"395 g, $2.28/100g",pasta_sauce,No Frills
Pesto Mozzarella Skillet Gnocchi,4.99,"280 g, $1.78/100g",pasta_sauce,No Frills
Pizzaiolo Kits,6.29,"700 g, $0.90/100g",pasta_sauce,No Frills
Pasta Fusilli No. 34,3.29,"450 g, $0.72/100g",pasta_sauce,No Frills
Korean-Style Sweet Potato Vermicelli,1.79,"400 g, $0.45/100g",pasta_sauce,No Frills
Macaroni & Cheese Spidey And His Amazing Friends,2.49,"170 g, $1.46/100g",pasta_sauce,No Frills
Bow Tie Pasta,1.49,"500 g, $0.30/100g",pasta_sauce,No Frills
Kosher Fat Free Pizza Sauce,4.49,"737 g, $0.61/100g",pasta_sauce,No Frills
Organic Red Lentils,3.69,"450 g, $0.82/100g",pasta_sauce,No Frills
Whole Grain Spaghettini Pasta,2.79,"375 g, $0.74/100g",pasta_sauce,No Frills
"Egg Noodles, Shrimp",8.99,"880 g, $1.02/100g",pasta_sauce,No Frills
Rice & Quinoa Spaghetti Pasta,4.99,"227 g, $2.20/100g",pasta_sauce,No Frills
Medium Shells Pasta,1.49,"500 g, $0.30/100g",pasta_sauce,No Frills
Pizza Sauce,4.49,"737 g, $0.61/100g",pasta_sauce,No Frills
Kosher Tri-Color Pearl Couscous,6.49,"600 g, $1.08/100g",pasta_sauce,No Frills
Spaghetti,4.00,"454 g, $0.88/100g",pasta_sauce,No Frills
"Organic Low Sodium Soup, Creamy Tomato",6.29,"1 l, $0.63/100ml",pasta_sauce,No Frills
Spicy Pasta Sauce,4.49,"737 g, $0.61/100g",pasta_sauce,No Frills
Extra Broad Egg Noodles,2.79,"340 g, $0.82/100g",pasta_sauce,No Frills
Sweet Potato Vermicelli,3.99,"400 g, $1.00/100g",pasta_sauce,No Frills
Pasta Penne Rigate No. 41,3.29,"450 g, $0.72/100g",pasta_sauce,No Frills
"Homegrown Macaroni & Cheese, White Cheddar, Microwavable",2.49,"57 g, $4.37/100g",pasta_sauce,No Frills
Whole Grain Fettucine Pasta,2.79,"375 g, $0.74/100g",pasta_sauce,No Frills
"Kosher Rice Sticks, 3 mm",2.79,"400 g, $0.70/100g",pasta_sauce,No Frills
"Kosher Ferncz's Egg Noodles, Fine",4.49,"297 g, $1.51/100g",pasta_sauce,No Frills
Organic Split Green Peas,3.69,"450 g, $0.82/100g",pasta_sauce,No Frills
Pasta Brown Rice Spagetti,2.79,"454 g, $0.61/100g",pasta_sauce,No Frills
Tortellini Prosciutto & Cheese,5.99,"450 g, $1.33/100g",pasta_sauce,No Frills
Organic California White Jasmine Rice,14.99,"907 g, $1.65/100g",pasta_sauce,No Frills
Quinoa Rice Fusilli,6.00,"227 g, $2.64/100g",pasta_sauce,No Frills
Brown Rice Spaghetti,2.49,"454 g, $0.55/100g",pasta_sauce,No Frills
Alfredo Pasta Sauce,4.29,"300 ml, $1.43/100ml",pasta_sauce,No Frills
"Smart, Bows Pasta",3.49,"340 g, $1.03/100g",pasta_sauce,No Frills
Traditional Pizza Sauce,3.99,"410 ml, $0.97/100ml",pasta_sauce,No Frills
"Whole Grains, Linguine Pasta",3.49,"375 g, $0.93/100g",pasta_sauce,No Frills
"Ravioli, Fresh Ricotta & Spinach ",8.99,"600 g, $1.50/100g",pasta_sauce,No Frills
Thin Egg Noodles,3.49,"454 g, $0.77/100g",pasta_sauce,No Frills
"Kosher Egg Noodles, Medium Enriched",4.29,"340 g, $1.26/100g",pasta_sauce,No Frills
Spaghetti,3.29,"450 g, $0.72/100g",pasta_sauce,No Frills
"Smart, Spaghettini Pasta",3.49,"375 g, $0.93/100g",pasta_sauce,No Frills
Fettuccine Pasta,2.00,"410 g, $0.49/100g",pasta_sauce,No Frills
"Smart, Macaroni Pasta",3.49,"375 g, $0.93/100g",pasta_sauce,No Frills
Italian Sausage,3.99,"650 ml, $0.61/100ml",pasta_sauce,No Frills
Roasted Red Pepper Alfredo Spaghetti Pasta Sauce,3.99,"410 ml, $0.97/100ml",pasta_sauce,No Frills
"Pasta Sauce, Creamy Rosé ",4.99,"300 ml, $1.66/100ml",pasta_sauce,No Frills
Lasagna Pasta,2.49,"500 g, $0.50/100g",pasta_sauce,No Frills
"Pasta Sauce, Thick & Zesty Tomato Basil",2.00,"680 ml, $0.29/100ml",pasta_sauce,No Frills
Tomato Sauce,2.00,"680 ml, $0.29/100ml",pasta_sauce,No Frills
"Smart, Lasagne Pasta",3.49,"375 g, $0.93/100g",pasta_sauce,No Frills
"Gluten Free, Linguine Pasta",2.99,"340 g, $0.88/100g",pasta_sauce,No Frills
Cheese & Spinach Ravioli,3.49,"350 g, $1.00/100g",pasta_sauce,No Frills
Beef Tortellini,3.49,"350 g, $1.00/100g",pasta_sauce,No Frills
Quattro Formaggi Pasta Sauce,3.79,"650 ml, $0.58/100ml",pasta_sauce,No Frills
Large Shells,2.99,"750 g, $0.40/100g",pasta_sauce,No Frills
Tomato Paste,3.19,"200 g, $1.60/100g",pasta_sauce,No Frills
Kosher Vermicelli Rice Stick,2.79,"400 g, $0.70/100g",pasta_sauce,No Frills
Elbow Macaroni Pasta,4.79,"2 kg, $0.24/100g",pasta_sauce,No Frills
Tomato Basil Pasta Sauce,3.29,"700 ml, $0.47/100ml",pasta_sauce,No Frills
Extra Fine Egg Noodles,2.79,"340 g, $0.82/100g",pasta_sauce,No Frills
Lasagne,3.49,"500 g, $0.70/100g",pasta_sauce,No Frills
Blue Menu Alfredo Pasta Sauce,3.79,"410 ml, $0.92/100ml",pasta_sauce,No Frills
Brown Braising Sauce 410 ml,4.29,"410 ml, $1.05/100ml",pasta_sauce,No Frills
Manicotti,3.49,"225 g, $1.55/100g",pasta_sauce,No Frills
Elbow Pasta,2.99,"750 g, $0.40/100g",pasta_sauce,No Frills
Brown Rice Lasagna,2.79,"340 g, $0.82/100g",pasta_sauce,No Frills
"Tomato Sauce, No Salt",2.29,"398 ml, $0.58/100ml",pasta_sauce,No Frills
Pizza Sauce,2.49,"398 ml, $0.63/100ml",pasta_sauce,No Frills
"Classic, Spaghettini Pasta",2.69,"500 g, $0.54/100g",pasta_sauce,No Frills
"Pizza Sauce, Garlic & Basil",1.19,"213 ml, $0.56/100ml",pasta_sauce,No Frills
Rotini Pasta,1.49,"500 g, $0.30/100g",pasta_sauce,No Frills
"Pasta, Fusilli",2.99,"750 g, $0.40/100g",pasta_sauce,No Frills
Fine Egg Noodles,5.49,"297 g, $1.85/100g",pasta_sauce,No Frills
"Gluten Free, Lasagne Pasta",3.49,"250 g, $1.40/100g",pasta_sauce,No Frills
Tradizionale Capellini Macaroni Products,2.99,"750 g, $0.40/100g",pasta_sauce,No Frills
"Thick Noodles, Scallop",8.99,"880 g, $1.02/100g",pasta_sauce,No Frills
Kosher Pearl Couscous Original,6.49,"600 g, $1.08/100g",pasta_sauce,No Frills
Bucatini,2.99,"750 g, $0.40/100g",pasta_sauce,No Frills
Kosher Tonnelli Premium Pizza Sauce,4.29,"710 g, $0.60/100g",pasta_sauce,No Frills
Quinoa & Ancient Grains,4.79,"180 g, $2.66/100g",pasta_sauce,No Frills
Thick  Shrimp Egg Noodles,2.29,"454 g, $0.50/100g",pasta_sauce,No Frills
Organic Rice Ramen Jade Pearl Organic,10.99,"283 g, $3.88/100g",pasta_sauce,No Frills
Organic California Brown Jasmine Rice,14.99,"907 g, $1.65/100g",pasta_sauce,No Frills
Pasta Brown Rice Penne,2.79,"454 g, $0.61/100g",pasta_sauce,No Frills
"Tomato Sauce, No Salt",2.79,"425 g, $0.66/100g",pasta_sauce,No Frills
"Classic, Macaroni Pasta",2.69,"500 g, $0.54/100g",pasta_sauce,No Frills
Spaghettini 16,2.99,"450 g, $0.66/100g",pasta_sauce,No Frills
Spaghetti Pasta,2.49,"454 g, $0.55/100g",pasta_sauce,No Frills
"Homegrown Macaroni & Cheese, Rice Pasta & Cheddar, Gluten Free",2.79,"170 g, $1.64/100g",pasta_sauce,No Frills
Organic Red Lentil Penne,6.49,"227 g, $2.86/100g",pasta_sauce,No Frills
Brown Rice Spirals,2.79,"454 g, $0.61/100g",pasta_sauce,No Frills
"Organic Low Sodium Broth, Beef",4.49,"1 l, $0.45/100ml",pasta_sauce,No Frills
Penne Lisce,2.99,"750 g, $0.40/100g",pasta_sauce,No Frills
"Organic Low Sodium Broth, Vegetable",4.49,"1 l, $0.45/100ml",pasta_sauce,No Frills
Royal Umbrella Rice Noodle,2.49,"454 g, $0.55/100g",pasta_sauce,No Frills
Pizza Sauce,4.29,"350 ml, $1.23/100ml",pasta_sauce,No Frills
Chicken Broth Reduced Sodium,2.00,"900 ml, $0.22/100ml",pasta_sauce,No Frills
Organic Chickpea Rice Fusilli,6.00,"227 g, $2.64/100g",pasta_sauce,No Frills
Pizza Kit,8.49,"850 g, $1.00/100g",pasta_sauce,No Frills
Chicken Broth Reduced Sodium,2.00,"900 ml, $0.22/100ml",pasta_sauce,No Frills
"Pasta, Spaghetti Club Pack",6.49,"2.27 kg, $0.29/100g",pasta_sauce,No Frills
Vermicelli,1.49,"500 g, $0.30/100g",pasta_sauce,No Frills
Spaghetti Pasta,2.99,"750 g, $0.40/100g",pasta_sauce,No Frills
"Pesto with Basil, Pine Nuts and Extra Virgin Olive Oil Pasta Sauce",5.29,"190 g, $2.78/100g",pasta_sauce,No Frills
Kosher Rice Paper,3.29,"300 g, $1.10/100g",pasta_sauce,No Frills
Edamame Spaghetti,6.49,"200 g, $3.25/100g",pasta_sauce,No Frills
Organic Chickpea Rice Fusilli,6.00,"227 g, $2.64/100g",pasta_sauce,No Frills
Pizza Sauce,4.29,"350 ml, $1.23/100ml",pasta_sauce,No Frills
Royal Umbrella Rice Noodle,2.49,"454 g, $0.55/100g",pasta_sauce,No Frills
Gluten Free Couscous,4.29,"375 g, $1.14/100g",pasta_sauce,No Frills
Schezwan Chutney,2.29,"250 g, $0.92/100g",pasta_sauce,No Frills
Mushroom Alfredo Spaghetti Pasta Sauce,3.99,"410 ml, $0.97/100ml",pasta_sauce,No Frills
Vermicelli 1 Mm,1.49,"400 g, $0.37/100g",pasta_sauce,No Frills
"Smart, Linguine Pasta",3.49,"375 g, $0.93/100g",pasta_sauce,No Frills
Sweet Thai Chilli Sauce,3.99,"830 g, $0.48/100g",pasta_sauce,No Frills
Skillet Gnocchi ,4.99,"280 g, $1.78/100g",pasta_sauce,No Frills
3-Minute Wide Ramen Noodles,4.00,"504 g, $0.79/100g",pasta_sauce,No Frills
Organic Brown And Wild Rice Blend,9.99,"900 g, $1.11/100g",pasta_sauce,No Frills
"Pasta, Bunny Shape With Cheese",2.49,"170 g, $1.46/100g",pasta_sauce,No Frills
"Rice Stick, Medium",2.29,"454 g, $0.50/100g",pasta_sauce,No Frills
"Gluten Free, Penne Rigate Pasta",2.99,"340 g, $0.88/100g",pasta_sauce,No Frills
Passata      ,3.99,"688 ml, $0.59/100ml",pasta_sauce,No Frills
Tomato Sauce,2.99,"425 g, $0.70/100g",pasta_sauce,No Frills
Orzo,2.99,"900 g, $0.33/100g",pasta_sauce,No Frills
Spaghetti Sauce Sweet Style,4.99,"1000 ml, $0.50/100ml",pasta_sauce,No Frills
Beef Tortellini,6.00,"600 g, $1.00/100g",pasta_sauce,No Frills
Ramen Organic,4.49,"269 g, $1.67/100g",pasta_sauce,No Frills
Rice & Amaranth Penne Pasta,4.99,"227 g, $2.20/100g",pasta_sauce,No Frills
Kosher Salt Free Pasta Sauce,4.49,"737 g, $0.61/100g",pasta_sauce,No Frills
Whole Grain Macaroni Pasta,2.79,"375 g, $0.74/100g",pasta_sauce,No Frills
Organic Arrabbiata Sauce,6.29,"700 ml, $0.90/100ml",pasta_sauce,No Frills
Tomato Paste,1.89,"170 g, $1.11/100g",pasta_sauce,No Frills
Vegan Mac Macaroni & Sauce Sweet Potato Pumpkin Shells,3.29,"170 g, $1.94/100g",pasta_sauce,No Frills
Tradizionale Vermicelli Macaroni Products,2.99,"750 g, $0.40/100g",pasta_sauce,No Frills
Rice Paper,2.99,"400 g, $0.75/100g",pasta_sauce,No Frills
Organic Chicken Bouillon Cubes,4.29,"66 g, $6.50/100g",pasta_sauce,No Frills
Zesty Pasta Sauce,1.79,"680 ml, $0.26/100ml",pasta_sauce,No Frills
"Pasta Ziti, Gluten-free",3.59,"255 g, $1.41/100g",pasta_sauce,No Frills
Brown Rice Fusilli Pasta,2.49,"454 g, $0.55/100g",pasta_sauce,No Frills
Penne Rigate Pasta,1.49,"500 g, $0.30/100g",pasta_sauce,No Frills
"Egg Noodles, Broad",6.99,"340 g, $2.06/100g",pasta_sauce,No Frills
"Pasta, Alphabets",2.49,"450 g, $0.55/100g",pasta_sauce,No Frills
Fettuccini,3.49,"350 g, $1.00/100g",pasta_sauce,No Frills
Vegan Mac Macaroni & Sauce Macaroni & Cheddar Flavour,3.29,"170 g, $1.94/100g",pasta_sauce,No Frills
Fusilli Pasta,2.49,"454 g, $0.55/100g",pasta_sauce,No Frills
Vegetable Broth,2.00,"900 ml, $0.22/100ml",pasta_sauce,No Frills
"Organic Pasta Sauce, Roasted Garlic & Herb",6.29,"700 ml, $0.90/100ml",pasta_sauce,No Frills
Organic Golden & Black Quinoa,3.99,"225 g, $1.77/100g",pasta_sauce,No Frills
Rigatoni,1.49,"500 g, $0.30/100g",pasta_sauce,No Frills
"Classic, Spaghettini Pasta",4.79,"900 g, $0.53/100g",pasta_sauce,No Frills
Garden Select Fine Herbs Pasta Sauce,2.69,"640 ml, $0.42/100ml",pasta_sauce,No Frills
Rice & Quinoa Fusilli Pasta,4.99,"227 g, $2.20/100g",pasta_sauce,No Frills
Cheese Rainbow Tortellini ,3.49,"350 g, $1.00/100g",pasta_sauce,No Frills
Organic Red Kidney Beans,3.69,"450 g, $0.82/100g",pasta_sauce,No Frills
Organic White Jasmine Rice,7.49,"900 g, $0.83/100g",pasta_sauce,No Frills
Baby Shells,2.99,"750 g, $0.40/100g",pasta_sauce,No Frills
Spaghettini,3.29,"450 g, $0.72/100g",pasta_sauce,No Frills
Mushroom Pasta Sauce,7.99,"1.8 l, $0.44/100ml",pasta_sauce,No Frills
Kosher Rice Sticks,2.79,"400 g, $0.70/100g",pasta_sauce,No Frills
Spaghettini Pasta,2.49,"454 g, $0.55/100g",pasta_sauce,No Frills
"Cooking Sauce, Stuffed Cabbage, Sweet and Sour",10.99,"397 g, $2.77/100g",pasta_sauce,No Frills
"Classic, Capelli D'Angelo Pasta",2.69,"375 g, $0.72/100g",pasta_sauce,No Frills
Black Bean Spaghetti,6.49,"200 g, $3.25/100g",pasta_sauce,No Frills
"Kosher Edd Noodles, Fine",6.99,"340 g, $2.06/100g",pasta_sauce,No Frills
"Macaroni & Cheese, Rice Pasta & Cheddar",2.49,"57 g, $4.37/100g",pasta_sauce,No Frills
White Rice Spaghetti,2.79,"454 g, $0.61/100g",pasta_sauce,No Frills
Brown Rice Fusilli,2.79,"454 g, $0.61/100g",pasta_sauce,No Frills
Alfredo Flavour Plant-Based Deluxe Mac & Cheeze,4.99,"300 g, $1.66/100g",pasta_sauce,No Frills
Rotini Pasta,2.99,"750 g, $0.40/100g",pasta_sauce,No Frills
Tricolour Rotini Pasta,4.49,"1.81 kg, $0.25/100g",pasta_sauce,No Frills
"Tortellini, Chicken Bacon ",5.99,"450 g, $1.33/100g",pasta_sauce,No Frills
Fresh Ricotta & Spinach Ravioli ,5.99,"450 g, $1.33/100g",pasta_sauce,No Frills
"Organic Pasta, Penne Rigate",4.00,"454 g, $0.88/100g",pasta_sauce,No Frills
Fettuccine Pasta,2.99,"750 g, $0.40/100g",pasta_sauce,No Frills
Linguine Pasta,1.49,"500 g, $0.30/100g",pasta_sauce,No Frills
Oven Ready Cannelloni,3.49,"250 g, $1.40/100g",pasta_sauce,No Frills
"Pasta, Penne Rigate",2.99,"750 g, $0.40/100g",pasta_sauce,No Frills
Pasta Farfalle No. 93,3.29,"450 g, $0.72/100g",pasta_sauce,No Frills
"Classic, Fettuccine Pasta",4.79,"900 g, $0.53/100g",pasta_sauce,No Frills
Penne Green Lentil Organic,6.49,"227 g, $2.86/100g",pasta_sauce,No Frills
Fire Roasted Pizza Sauce,3.99,"410 ml, $0.97/100ml",pasta_sauce,No Frills
"Smart, Rotini Pasta",3.49,"375 g, $0.93/100g",pasta_sauce,No Frills
"Pasta, Vermicelli Longkou Pancit Sotanghon",1.69,"250 g, $0.68/100g",pasta_sauce,No Frills
Organic Long Grain Brown Rice,9.99,"2 kg, $0.50/100g",pasta_sauce,No Frills
Rigatoni Pasta,2.00,"410 g, $0.49/100g",pasta_sauce,No Frills
Thin Rice Noodles,1.49,"250 g, $0.60/100g",pasta_sauce,No Frills
Organic Long Grain White Rice,4.99,"900 g, $0.55/100g",pasta_sauce,No Frills
"Traditional Couscous, Original",6.99,"750 g, $0.93/100g",pasta_sauce,No Frills
Di Roma Light Alfredo Pasta Sauce,3.99,"410 ml, $0.97/100ml",pasta_sauce,No Frills
"Whole Grains, Spaghettini Pasta",3.49,"375 g, $0.93/100g",pasta_sauce,No Frills
Vermicelli 3 Mm,1.49,"400 g, $0.37/100g",pasta_sauce,No Frills
"Kosher Marinara Sauce, No Sugar",4.49,"737 g, $0.61/100g",pasta_sauce,No Frills
Broad Noodle,2.99,"340 g, $0.88/100g",pasta_sauce,No Frills
"Whole Grains, Lasagne Pasta",3.49,"375 g, $0.93/100g",pasta_sauce,No Frills
3-Minute Ramen Noodles,4.00,"504 g, $0.79/100g",pasta_sauce,No Frills
"Organic Soup, Split Pea",5.29,"398 ml, $1.33/100ml",pasta_sauce,No Frills
"Classic, Fusilli Pasta",2.69,"500 g, $0.54/100g",pasta_sauce,No Frills
Thick Egg Noodles,3.49,"454 g, $0.77/100g",pasta_sauce,No Frills
Spaghettini,6.49,"2.27 kg, $0.29/100g",pasta_sauce,No Frills
Cheese & Spinach Ravioli,6.00,"600 g, $1.00/100g",pasta_sauce,No Frills
Blue Menu Roasted Garlic Alfredo Pasta Sauce,3.79,"410 ml, $0.92/100ml",pasta_sauce,No Frills
Orzo,2.99,"900 g, $0.33/100g",pasta_sauce,No Frills
"Organic Low Sodium Broth, Chicken",4.49,"1 l, $0.45/100ml",pasta_sauce,No Frills
Orzo,2.99,"750 g, $0.40/100g",pasta_sauce,No Frills
Rice Pasta Shells & White Cheddar Cheese,2.79,"170 g, $1.64/100g",pasta_sauce,No Frills
Organic Tomato & Basil Pasta Sauce,6.29,"700 ml, $0.90/100ml",pasta_sauce,No Frills
Organic Beef Bouillon Cubes,4.29,"66 g, $6.50/100g",pasta_sauce,No Frills
Organic Split Yellow Peas,3.69,"450 g, $0.82/100g",pasta_sauce,No Frills
Cheese & Bacon Tortellini ,3.49,"350 g, $1.00/100g",pasta_sauce,No Frills
Cheese Rainbow Tortellini,6.00,"600 g, $1.00/100g",pasta_sauce,No Frills
Macaroni Pasta,2.49,"454 g, $0.55/100g",pasta_sauce,No Frills
Kosher Classic Fat Free Pasta Sauce,4.49,"737 g, $0.61/100g",pasta_sauce,No Frills
Organic White Quinoa,8.99,"800 g, $1.12/100g",pasta_sauce,No Frills
Spanish Pilaf,4.79,"198 g, $2.42/100g",pasta_sauce,No Frills
Pad Thai Rice Noodles Traditional,7.49,"227 g, $3.30/100g",pasta_sauce,No Frills
Organic Rice Ramen Millet & Brown Organic,10.99,"283 g, $3.88/100g",pasta_sauce,No Frills
"Organic Soup, Fire Roasted Southwestern Vegetable",5.29,"398 ml, $1.33/100ml",pasta_sauce,No Frills
Macaroni Products Scoobi Do,2.99,"750 g, $0.40/100g",pasta_sauce,No Frills
"Manwich Sauce, Original",2.79,"398 ml, $0.70/100ml",pasta_sauce,No Frills
"Pasta, Tradizionale Rigatoni Macaroni Products",2.99,"750 g, $0.40/100g",pasta_sauce,No Frills
Kosher Toasted Pasta Israeli Couscous,3.49,"500 g, $0.70/100g",pasta_sauce,No Frills
Quinoa Rice Spaghetti,6.00,"227 g, $2.64/100g",pasta_sauce,No Frills
Kosher Vodka Sauce,4.49,"737 g, $0.61/100g",pasta_sauce,No Frills
Rice Stick Size L,2.29,"454 g, $0.50/100g",pasta_sauce,No Frills
Farfalle,2.99,"450 g, $0.66/100g",pasta_sauce,No Frills
"Pasta, Tradizionale Linguine Macaroni Products",2.99,"750 g, $0.40/100g",pasta_sauce,No Frills
Kosher Marinara Sauce,4.29,"710 g, $0.60/100g",pasta_sauce,No Frills
Organic White Basmati,7.99,"900 g, $0.89/100g",pasta_sauce,No Frills
California Brown Basmati Rice,8.99,"907 g, $0.99/100g",pasta_sauce,No Frills
Somen Noodles ,1.99,"363 g, $0.55/100g",pasta_sauce,No Frills
Thai Rice Stick Noodles,2.49,"454 g, $0.55/100g",pasta_sauce,No Frills
Chickpea Fusilli,6.49,"227 g, $2.86/100g",pasta_sauce,No Frills
Thick Rice Noodles,1.49,"250 g, $0.60/100g",pasta_sauce,No Frills
LoMein Noodles ,1.99,"363 g, $0.55/100g",pasta_sauce,No Frills
Fettuccine Pasta,1.49,"500 g, $0.30/100g",pasta_sauce,No Frills
"Mirin, Sweet Cooking Seasoning",5.99,"355 ml, $1.69/100ml",pasta_sauce,No Frills
"Classic, Spaghetti Pasta",4.79,"900 g, $0.53/100g",pasta_sauce,No Frills
Kongmoon Rice Stick Vermicelli,1.99,"400 g, $0.50/100g",pasta_sauce,No Frills
Oven Ready Lasagne,3.49,"375 g, $0.93/100g",pasta_sauce,No Frills
Organic Brown Short Grain Rice,8.79,"907 g, $0.97/100g",pasta_sauce,No Frills
Tomato Paste,2.49,"369 ml, $0.67/100ml",pasta_sauce,No Frills
Kosher Rice Paper,3.29,"300 g, $1.10/100g",pasta_sauce,No Frills
Spaghetti Pasta,4.79,"2 kg, $0.24/100g",pasta_sauce,No Frills
Thick Rice Noodles,1.49,"250 g, $0.60/100g",pasta_sauce,No Frills
White Spaghettini Pasta With Fibre,2.79,"375 g, $0.74/100g",pasta_sauce,No Frills
Kongmoon Rice Stick Vermicelli,1.99,"400 g, $0.50/100g",pasta_sauce,No Frills
Oven Ready Lasagne,3.49,"375 g, $0.93/100g",pasta_sauce,No Frills
Organic Brown Short Grain Rice,8.79,"907 g, $0.97/100g",pasta_sauce,No Frills
Spaghetti 15,2.99,"450 g, $0.66/100g",pasta_sauce,No Frills
Flour Stick Noodles,1.99,"227 g, $0.88/100g",pasta_sauce,No Frills
"Pasta Sauce, Zesty",2.49,"680 ml, $0.37/100ml",pasta_sauce,No Frills
"Multigrain, Spaghetti Pasta",3.49,"375 g, $0.93/100g",pasta_sauce,No Frills
"Smart, Fusilli Pasta",3.49,"375 g, $0.93/100g",pasta_sauce,No Frills
"Pasta Sauce, Garlic",2.49,"680 ml, $0.37/100ml",pasta_sauce,No Frills
Buckwheat Noodles ,6.99,"1.3 kg, $0.54/100g",pasta_sauce,No Frills
"Whole Grains, Spaghetti Pasta",3.49,"375 g, $0.93/100g",pasta_sauce,No Frills
Ginger Garlic Paste Ground Ginger & Garlic,6.49,"700 g, $0.93/100g",pasta_sauce,No Frills
Ginger Garlic Paste Ground Ginger & Garlic,3.99,"310 g, $1.29/100g",pasta_sauce,No Frills
"Kosher Egg Noodles, Fine",3.79,"340 g, $1.11/100g",pasta_sauce,No Frills
"Smart, Penne Rigate Pasta",3.49,"375 g, $0.93/100g",pasta_sauce,No Frills
Organic Long Grain Brown Rice,4.99,"900 g, $0.55/100g",pasta_sauce,No Frills
"Pasta, Lasagna Sheets ",5.49,"360 g, $1.53/100g",pasta_sauce,No Frills
"Pasta Sauce, Classic Alfredo ",4.99,"300 ml, $1.66/100ml",pasta_sauce,No Frills
Skillet Gnocchi ,4.99,"300 g, $1.66/100g",pasta_sauce,No Frills
"Organic Soup, Lentil",5.29,"398 ml, $1.33/100ml",pasta_sauce,No Frills
"Egg Noodles, Thin",3.49,"454 g, $0.77/100g",pasta_sauce,No Frills
Passata Di Pomodoro Strained Tomatoes,3.99,"680 ml, $0.59/100ml",pasta_sauce,No Frills
Dry Noodles,7.99,"1815 g, $0.44/100g",pasta_sauce,No Frills
Scented Jasmine Rice ,18.99,"8 kg, $0.24/100g",rice,No Frills
Premium Long Grain Rice,6.79,"1.4 kg, $0.49/100g",rice,No Frills
BISTRO EXPRESS Basmati Rice Side Dish,3.79,"250 g, $1.52/100g",rice,No Frills
Thai Hom Mali Scented Jasmine Rice,3.99,"2 kg, $0.20/100g",rice,No Frills
Jasmine Rice,3.99,"750 g, $0.53/100g",rice,No Frills
BISTRO EXPRESS Jasmine Rice Side Dish,3.79,"240 g, $1.58/100g",rice,No Frills
Basmati Rice     ,13.99,"3.63 kg, $0.39/100g",rice,No Frills
Premium Long Grain Rice,4.99,"700 g, $0.71/100g",rice,No Frills
Long Grain White Rice,4.99,"2 kg, $0.25/100g",rice,No Frills
"Ready To Serve, Basmati Rice",2.99,"250 g, $1.20/100g",rice,No Frills
Aged Basmati Rice,10.00,"3.63 kg, $0.28/100g",rice,No Frills
BISTRO EXPRESS Long Grain & Wild Rice Roasted Chicken Flavour,3.79,"250 g, $1.52/100g",rice,No Frills
Calrose Rice     ,22.99,"8 kg, $0.29/100g",rice,No Frills
BISTRO EXPRESS Vegetable Medley Rice Side Dish,3.79,"250 g, $1.52/100g",rice,No Frills
Basmati Rice     ,6.99,"900 g, $0.78/100g",rice,No Frills
Sticky Rice,3.99,"750 g, $0.53/100g",rice,No Frills
Scented Jasmine Rice ,39.99,"18.1 kg, $0.22/100g",rice,No Frills
Rice Side Dish Cheddar & Broccoli ,2.29,"130 g, $1.76/100g",rice,No Frills
Rice Basmati,13.99,"4.54 kg, $0.31/100g",rice,No Frills
Long Grain Parboiled Rice,5.49,"2 kg, $0.27/100g",rice,No Frills
100% Premium Long Grain White Rice,11.99,"2.6 kg, $0.46/100g",rice,No Frills
BISTRO EXPRESS Butter & Garlic Rice,3.79,"250 g, $1.52/100g",rice,No Frills
BISTRO EXPRESS Mexican Style Rice,3.79,"250 g, $1.52/100g",rice,No Frills
CONVERTED Long Grain Parboiled Rice,9.79,"2.2 kg, $0.45/100g",rice,No Frills
Jasmine Rice     ,5.99,"900 g, $0.67/100g",rice,No Frills
Sidekicks Rice & Vermicelli Chicken Fried Rice,2.29,"153 g, $1.50/100g",rice,No Frills
BISTRO EXPRESS Long Grain & Wild Rice Mushroom Flavour,3.79,"250 g, $1.52/100g",rice,No Frills
BISTRO EXPRESS Fried Rice Side Dish,3.79,"250 g, $1.52/100g",rice,No Frills
Long Grain Instant Rice,6.29,"1.4 kg, $0.45/100g",rice,No Frills
BISTRO EXPRESS Broccoli & Cheddar Rice,3.79,"240 g, $1.58/100g",rice,No Frills
Quinoa,14.29,"1.8 kg, $0.79/100g",rice,No Frills
Sidekicks Rice & Vermicelli  Harvest Chicken ,2.29,"133 g, $1.72/100g",rice,No Frills
BISTRO EXPRESS Whole Grain Brown Rice Side Dish,3.79,"250 g, $1.52/100g",rice,No Frills
Medium Grain Sushi Rice ,6.49,"2.27 kg, $0.29/100g",rice,No Frills
BISTRO EXPRESS Long Grain & Wild Rice Fine Herbs,3.79,"250 g, $1.52/100g",rice,No Frills
"Ready To Serve, Long Grain & Wild Rice Chicken",2.99,"250 g, $1.20/100g",rice,No Frills
Thai Hom Mali Brown Jasmine Rice,4.99,"2 kg, $0.25/100g",rice,No Frills
"Rice, Pure Steamed Basmati",3.49,"250 g, $1.40/100g",rice,No Frills
Pure Original Basmati Rice,6.99,"907 g, $0.77/100g",rice,No Frills
Chicken Flavour Rice & Vermicelli Mix with Chicken Broth & Herbs,2.19,"227 g, $0.96/100g",rice,No Frills
Jasmine World Classics,9.99,"1.6 kg, $0.62/100g",rice,No Frills
Side Dishes Mexican Rice ,2.29,"150 g, $1.53/100g",rice,No Frills
Rice Basmati Format Maxi,11.99,"1.6 kg, $0.75/100g",rice,No Frills
Royal Long Grain Rice,4.99,"900 g, $0.55/100g",rice,No Frills
Mexican Rice,4.49,"226 g, $1.99/100g",rice,No Frills
Quick Cook Long Grain Rice,9.99,"1.6 kg, $0.62/100g",rice,No Frills
Brown Basmati Rice,6.99,"1.81 kg, $0.39/100g",rice,No Frills
"Steamed Basmati Rice, Wholegrain",3.49,"250 g, $1.40/100g",rice,No Frills
Quick Cook Long Grain Rice,9.99,"1.6 kg, $0.62/100g",rice,No Frills
Golden Phoenix Thai Jasmine Rice,19.99,"8 kg, $0.24/100g",rice,No Frills
FAST & FANCY Chinese Style Fried Rice,1.79,"132 g, $1.36/100g",rice,No Frills
Organic Brown Basmati Rice,7.49,"908 g, $0.82/100g",rice,No Frills
Jasmine Rice,9.99,"1.6 kg, $0.62/100g",rice,No Frills
Lime & Cilantro Basmati Rice,3.49,"250 g, $1.40/100g",rice,No Frills
FAST & FANCY Garden Vegetable Style Rice,1.79,"132 g, $1.36/100g",rice,No Frills
BISTRO EXPRESS Creamy Cheddar Cheese Rice,3.79,"240 g, $1.58/100g",rice,No Frills
NATURAL SELECT Garlic & Butter Flavour Rice,4.99,"397 g, $1.26/100g",rice,No Frills
Kimora Calrose Rice,9.99,"1.6 kg, $0.62/100g",rice,No Frills
Jasmine White Scented Rice,29.99,"8 kg, $0.37/100g",rice,No Frills
Sidekicks Rice & Vermicelli Country Mushroom ,2.29,"132 g, $1.73/100g",rice,No Frills
NATURAL SELECT Mexican Style Rice Side Dish,4.99,"397 g, $1.26/100g",rice,No Frills
Aged Basmati Rice,6.99,"1.81 kg, $0.39/100g",rice,No Frills
Basmati Rice,9.99,"1.6 kg, $0.62/100g",rice,No Frills
Premium Rice,12.49,"2.26 kg, $0.55/100g",rice,No Frills
Asian Dragon Sweet Rice,7.99,"2 kg, $0.35/100g",rice,No Frills
Pure Basmati Rice,15.99,"4 kg, $0.40/100g",rice,No Frills
Whole Grain Brown Rice,4.99,"600 g, $0.83/100g",rice,No Frills
Thai Jasmine Rice,34.99,"18.1 kg, $0.19/100g",rice,No Frills
Egyptian Rice Camolino,18.99,"4.534 kg, $0.42/100g",rice,No Frills
Rice Calrose 4 kg,12.99,"4 kg, $0.32/100g",rice,No Frills
Medium Grain Calrose Rice,7.99,"2 kg, $0.40/100g",rice,No Frills
Basmati Rice,12.49,"3.63 kg, $0.34/100g",rice,No Frills
Thai Jasmine Rice,15.99,"8 kg, $0.20/100g",rice,No Frills
"Basmati Rice Premium, case",16.99,"4.54 kg, $0.37/100g",rice,No Frills
Basmati Rice     ,13.99,"3.63 kg, $0.39/100g",rice,No Frills
Creamy Sella Basmati Rice,13.99,"3.63 kg, $0.39/100g",rice,No Frills
Basmati Rice,5.49,"907 g, $0.61/100g",rice,No Frills
"NATURAL SELECT Roasted Olive Oil, Roasted Garlic Flavour & Wild Rice",4.99,"365 g, $1.37/100g",rice,No Frills
Rice,8.99,"2 kg, $0.45/100g",rice,No Frills
Jasmine Rice Milagrosa,17.99,"8 kg, $0.22/100g",rice,No Frills
Long Grain Parboiled Rice,13.99,"4 kg, $0.35/100g",rice,No Frills
Jasmine,5.29,"500 g, $1.06/100g",rice,No Frills
Organic Jasmine Rice,9.99,"2 kg, $0.50/100g",rice,No Frills
"Ready To Serve, Long Grain & Wild Rice Fine Herbs",2.99,"250 g, $1.20/100g",rice,No Frills
FAST & FANCY Homestyle Chicken Flavour & Wild Rice,1.79,"132 g, $1.36/100g",rice,No Frills
Long Grain & Wild Rice,4.99,"450 g, $1.11/100g",rice,No Frills
Organic Original Miso M1nute,6.99,"283 g, $2.47/100g",rice,No Frills
Premium Basmati Rice,16.99,"4.54 kg, $0.37/100g",rice,No Frills
Long Grain Instant Rice,5.29,"700 g, $0.76/100g",rice,No Frills
Organic Pure Basmati Rice,7.49,"908 g, $0.82/100g",rice,No Frills
Indian Basmati Rice,11.99,"3.64 kg, $0.33/100g",rice,No Frills
Brown Basmati Rice,14.99,"4.54 kg, $0.33/100g",rice,No Frills
BISTRO EXPRESS Basmati Lime and Cilantro Rice,3.79,"240 g, $1.58/100g",rice,No Frills
Two Dragons Jasmine Rice,17.99,"8 kg, $0.22/100g",rice,No Frills
Grand Extra Basmati Rice,18.99,"4.54 kg, $0.42/100g",rice,No Frills
Basmati Rice Everyday,12.99,"3.63 kg, $0.36/100g",rice,No Frills
BISTRO EXPRESS Long Grain & Wild Rice Roasted Garlic,3.79,"250 g, $1.52/100g",rice,No Frills
Extra Fancy Long Grain Rice,16.99,"8 kg, $0.21/100g",rice,No Frills
Brown Calrose Rice,7.99,"2.26 kg, $0.35/100g",rice,No Frills
Kosher Sushi Rice,6.99,"454 g, $1.54/100g",rice,No Frills
Rice Superfino Arborio,5.99,"750 g, $0.80/100g",rice,No Frills
Glutinous Rice,6.49,"1.8 kg, $0.36/100g",rice,No Frills
Thai Sweet Rice,4.99,"2 kg, $0.25/100g",rice,No Frills
Premium Calrose Rice,36.99,"10 kg, $0.37/100g",rice,No Frills
Basmati,5.29,"500 g, $1.06/100g",rice,No Frills
California Brown Rice,6.99,"907 g, $0.77/100g",rice,No Frills
Two Dragons Jasmine Rice,37.99,"18.1 kg, $0.21/100g",rice,No Frills
Italian Style Rice,4.49,"750 g, $0.60/100g",rice,No Frills
Black Glutinous Rice,8.99,"2 kg, $0.45/100g",rice,No Frills
Thai Sweet Rice,14.99,"4.54 kg, $0.33/100g",rice,No Frills
FAST & FANCY Broccoli & Cheddar Flavour Rice,1.79,"132 g, $1.36/100g",rice,No Frills
Basmati Rice,9.99,"1.8 kg, $0.56/100g",rice,No Frills
Extra Long Basmati Rice,16.99,"4 kg, $0.42/100g",rice,No Frills
CONVERTED Long Grain Parboiled White Rice,5.99,"907 g, $0.66/100g",rice,No Frills
Brown Rice,21.99,"6.8 kg, $0.32/100g",rice,No Frills
Premium Basmati Rice,13.49,"4.54 kg, $0.30/100g",rice,No Frills
Rice Fragrant,27.99,"7 kg, $0.40/100g",rice,No Frills
Whole Grain Brown Rice,9.79,"2.2 kg, $0.45/100g",rice,No Frills
BISTRO EXPRESS Basmati Coconut Rice,3.79,"240 g, $1.58/100g",rice,No Frills
Spicy Style Korean BBQ Cheddar & Jalapeno Rice,3.79,"240 g, $1.58/100g",rice,No Frills
BISTRO EXPRESS CONVERTED Long Grain Parboiled White Rice,3.79,"250 g, $1.52/100g",rice,No Frills
Brown Format Maxi Whole Grain Rice,9.99,"1.6 kg, $0.62/100g",rice,No Frills
BISTRO EXPRESS Whole Grain Brown Rice With Roasted Chicken Flavour,3.79,"250 g, $1.52/100g",rice,No Frills
Medium Grain Calrose Brown Rice,17.99,"8 kg, $0.22/100g",rice,No Frills
Thai Jasmine Rice,19.99,"8 kg, $0.25/100g",rice,No Frills
Aged Basmati Rice,54.99,"18 kg, $0.31/100g",rice,No Frills
Calrose Rice ,17.99,"6.8 kg, $0.26/100g",rice,No Frills
Whole Grain Brown Rice,6.79,"1.2 kg, $0.57/100g",rice,No Frills
Steamed Basmati Rice Sweet Chili & Lime,3.49,"250 g, $1.40/100g",rice,No Frills
Millet,8.99,"2 kg, $0.45/100g",rice,No Frills
Legendary Rice Coconut Basmati Rice,3.49,"250 g, $1.40/100g",rice,No Frills
Whole Grain Brown Rice,5.99,"907 g, $0.66/100g",rice,No Frills
"Golden Phoenix, Thai Jasmine Rice",8.99,"2.27 kg, $0.40/100g",rice,No Frills
"Basmati Rice, case",16.99,"4.54 kg, $0.37/100g",rice,No Frills
FAST & FANCY Country Chicken Flavour Rice,1.79,"132 g, $1.36/100g",rice,No Frills
Medium Grain Calrose Rice,32.99,"18 kg, $0.18/100g",rice,No Frills
Organic Mixed Thai Rice,12.49,"2 kg, $0.62/100g",rice,No Frills
Red Cargo Rice,8.49,"2 kg, $0.42/100g",rice,No Frills
Roasted Garlic & Herb Quinoa,4.29,"225 g, $1.91/100g",rice,No Frills
Jasmine Rice,35.99,"18 kg, $0.20/100g",rice,No Frills
Basmati Rice,8.99,"1.81 kg, $0.50/100g",rice,No Frills
Priya Basmati Rice,9.99,"3.63 kg, $0.28/100g",rice,No Frills
Vegetable Quinoa,4.29,"225 g, $1.91/100g",rice,No Frills
Parboiled Rice,21.99,"8 kg, $0.27/100g",rice,No Frills
"Pure Basmati Rice, Bag",11.99,"1.81 kg, $0.66/100g",rice,No Frills
100% Pure Canola Oil,8.29,"3 l, $0.28/100ml",oils_vinegar,No Frills
Pure White Vinegar Club Size,2.29,"4 l, $0.06/100ml",oils_vinegar,No Frills
Extra Virgin Olive Oil,12.99,"1 l, $1.30/100ml",oils_vinegar,No Frills
100% Extra Virgin Olive Oil,11.99,"750 ml, $1.60/100ml",oils_vinegar,No Frills
Vegetable Oil     ,11.99,"3 l, $0.40/100ml",oils_vinegar,No Frills
Pure White Vinegar,1.79,"1 l, $0.18/100ml",oils_vinegar,No Frills
Cooking Spray,5.99,"170 g, $3.52/100g",oils_vinegar,No Frills
100% Pure Vegetable Oil,5.49,"946 ml, $0.58/100ml",oils_vinegar,No Frills
Pure Sesame Oil,3.59,"185 ml, $1.94/100ml",oils_vinegar,No Frills
Cold-Extracted Extra Virgin Olive Oil,19.99,"1 l, $2.00/100ml",oils_vinegar,No Frills
Apple Cider Vinegar,1.50,"500 ml, $0.30/100ml",oils_vinegar,No Frills
1 Leaf Balsamic Vinegar of Modena,4.00,"500 ml, $0.80/100ml",oils_vinegar,No Frills
Seasoned Rice Vinegar,4.00,"500 ml, $0.80/100ml",oils_vinegar,No Frills
Cold-Pressed Extra Virgin Olive Oil Spray,4.29,"155 ml, $2.77/100ml",oils_vinegar,No Frills
Pure Sesame Oil,6.99,"443 ml, $1.57/100ml",oils_vinegar,No Frills
Red Wine Vinegar,1.50,"500 ml, $0.30/100ml",oils_vinegar,No Frills
Rich Taste-Extra Virgin Olive Oil,22.99,"1 l, $2.30/100ml",oils_vinegar,No Frills
Apple Cider Vinegar,2.49,"1 l, $0.25/100ml",oils_vinegar,No Frills
Red Wine Vinegar,4.00,"500 ml, $0.80/100ml",oils_vinegar,No Frills
The Natural Vinegar,3.29,"4 l, $0.08/100ml",oils_vinegar,No Frills
Organic Extra Virgin Olive Oil,10.99,"500 ml, $2.20/100ml",oils_vinegar,No Frills
Pure Olive Oil,11.99,"750 ml, $1.60/100ml",oils_vinegar,No Frills
Extra Light Taste Olive Oil,22.99,"1 l, $2.30/100ml",oils_vinegar,No Frills
White Wine Vinegar,4.00,"500 ml, $0.80/100ml",oils_vinegar,No Frills
Organic Apple Cider Vinegar,9.49,"946 ml, $1.00/100ml",oils_vinegar,No Frills
Pure Sesame Oil,6.49,"370 ml, $1.75/100ml",oils_vinegar,No Frills
Canola Oil Cooking Spray,2.79,"170 g, $1.64/100g",oils_vinegar,No Frills
"Canola Oil Cooking Spray, Club Size",4.49,"400 g, $1.12/100g",oils_vinegar,No Frills
Rice Vinegar Mild and Mellow,3.99,"355 ml, $1.12/100g",oils_vinegar,No Frills
Premium Extra Virgin Olive Oil,19.99,"1 l, $2.00/100ml",oils_vinegar,No Frills
Extra Virgin Avocado Oil ,11.99,"500 ml, $2.40/100ml",oils_vinegar,No Frills
Avocado Oil,16.99,"750 ml, $2.27/100ml",oils_vinegar,No Frills
Canola Oil,39.99,"16 l, $0.25/100ml",oils_vinegar,No Frills
Grilling Cooking Spray,5.99,"141 g, $4.25/100g",oils_vinegar,No Frills
Pure Sesame Oil    ,3.49,"185 ml, $1.89/100ml",oils_vinegar,No Frills
100% Virgin Cold-Pressed Coconut Oil,11.99,"860 ml, $1.39/100ml",oils_vinegar,No Frills
"Olive Oil, Extra Light",12.99,"1 l, $1.30/100ml",oils_vinegar,No Frills
Organic Vinegar Apple Cider,5.00,"500 ml, $1.00/100ml",oils_vinegar,No Frills
Avocado Oil Spray,6.49,"140 ml, $4.64/100ml",oils_vinegar,No Frills
100% Pure Peanut Oil,7.29,"946 ml, $0.77/100ml",oils_vinegar,No Frills
100% Pure Sunflower Oil,6.99,"946 ml, $0.74/100ml",oils_vinegar,No Frills
Malt Vinegar,1.50,"500 ml, $0.30/100ml",oils_vinegar,No Frills
Lite Rice Vinegar,3.99,"355 ml, $1.12/100ml",oils_vinegar,No Frills
"Cooking Wine, Red",3.99,"376 ml, $1.06/100ml",oils_vinegar,No Frills
White Vinegar,2.69,"1 l, $0.27/100ml",oils_vinegar,No Frills
Desi Ghee Small,8.99,"400 g, $2.25/100g",oils_vinegar,No Frills
Liquid Modified Coconut Oil Spray,4.29,"120 ml, $3.58/100ml",oils_vinegar,No Frills
Extra Virgin Basil & Garlic Flavored,9.99,"250 ml, $4.00/100ml",oils_vinegar,No Frills
Cooking And Seasoning Oil Lemon Flavoured,9.99,"250 ml, $4.00/100ml",oils_vinegar,No Frills
Kosher White Cooking Wine,3.99,"376 ml, $1.06/100ml",oils_vinegar,No Frills
Apple Cider Vinegar Club Size,4.99,"4 l, $0.12/100ml",oils_vinegar,No Frills
Kosher Tonelli Balsamic Vinegar,6.99,"500 ml, $1.40/100ml",oils_vinegar,No Frills
"Kosher Extra Virgin Olive Oil Cold Pressed, Mild",9.99,"250 ml, $4.00/100ml",oils_vinegar,No Frills
Avocado Oil,8.29,"250 ml, $3.32/100ml",oils_vinegar,No Frills
Flavoured Sesame Oil,2.49,"185 ml, $1.35/100ml",oils_vinegar,No Frills
Canola & Olive Oil Blend,13.99,"1.89 l, $0.74/100ml",oils_vinegar,No Frills
Organic Aged Red Wine Vinegar,6.00,"500 ml, $1.20/100ml",oils_vinegar,No Frills
White Wine Vinegar,9.99,"500 ml, $2.00/100ml",oils_vinegar,No Frills
Sherry Cooking Wine,6.49,"500 ml, $1.30/100ml",oils_vinegar,No Frills
Cooking Wine Shaoxing,2.79,"600 g, $0.47/100g",oils_vinegar,No Frills
100% Pure Corn Oil,12.99,"3 l, $0.43/100ml",oils_vinegar,No Frills
Almond Oil,4.49,"237 ml, $1.89/100ml",oils_vinegar,No Frills
Kosher Red Wine Vinegar    ,6.49,"500 ml, $1.30/100ml",oils_vinegar,No Frills
Canola Oil,14.99,"3 l, $0.50/100ml",oils_vinegar,No Frills
100% Pure & Natural Grape Seed Oil,15.99,"1000 ml, $1.60/100ml",oils_vinegar,No Frills
Pure Sesame Oil,3.99,"150 ml, $2.66/100ml",oils_vinegar,No Frills
Grapeseed Oil,15.99,"1 l, $1.60/100ml",oils_vinegar,No Frills
Cane Vinegar,1.99,"1 l, $0.20/100ml",oils_vinegar,No Frills
Indian Mustard Oil    ,5.99,"500 ml, $1.20/100ml",oils_vinegar,No Frills
Extra Virgin Olive Oil,24.99,"1 l, $2.50/100ml",oils_vinegar,No Frills
Organic Refined Coconut Oil,15.99,"860 ml, $1.86/100ml",oils_vinegar,No Frills
Virgin Coconut Oil,24.99,"1.6 l, $1.56/100ml",oils_vinegar,No Frills
Desi Ghee,14.99,"800 g, $1.87/100g",oils_vinegar,No Frills
Avocado Oil,18.89,"500 ml, $3.78/100ml",oils_vinegar,No Frills
Desi Ghee Cooking Oil   ,14.99,"800 g, $1.87/100g",oils_vinegar,No Frills
Desi Ghee,26.49,"1.59 kg, $1.67/100g",oils_vinegar,No Frills
Olive Oil Cooking Spray,7.79,"170 g, $4.58/100g",oils_vinegar,No Frills
Balanced Extra Virgin Olive Oil,21.99,"750 ml, $2.93/100ml",oils_vinegar,No Frills
Pure Black Sesame Oil,5.99,"207 ml, $2.89/100ml",oils_vinegar,No Frills
Extra Virgin Olive Oil,21.99,"750 ml, $2.93/100ml",oils_vinegar,No Frills
Organic Vinegar Apple Cider,7.99,"1 l, $0.80/100ml",oils_vinegar,No Frills
Organic Sunflower Oil,7.99,"500 ml, $1.60/100ml",oils_vinegar,No Frills
100% Pure Corn Oil,16.99,"2.84 l, $0.60/100ml",oils_vinegar,No Frills
Kosher Grapeseed Oil,14.99,"750 ml, $2.00/100ml",oils_vinegar,No Frills
Extra Virgin With Hot Peppers ,9.99,"250 ml, $4.00/100ml",oils_vinegar,No Frills
Organic Balsamic Vinegar Of Modena,6.99,"500 ml, $1.40/100ml",oils_vinegar,No Frills
Kosher Bartenura Balsamic Vinegar of Modena,9.99,"500 ml, $2.00/100ml",oils_vinegar,No Frills
Mid-Oleic Sunflower Oil,12.99,"2.84 l, $0.46/100ml",oils_vinegar,No Frills
White Cooking Wine,6.49,"500 ml, $1.30/100ml",oils_vinegar,No Frills
Liquid Coconut Oil,10.99,"250 ml, $4.40/100ml",oils_vinegar,No Frills
Fermented Asim Sarap Vinegar,2.49,"1 l, $0.25/100ml",oils_vinegar,No Frills
Vegetable Oil Spray,7.79,"142 g, $5.49/100g",oils_vinegar,No Frills
Balsamic Vinegar Of Modena,11.99,"500 ml, $2.40/100ml",oils_vinegar,No Frills
Red Wine Vinegar,5.99,"500 ml, $1.20/100ml",oils_vinegar,No Frills
Avocado Oil 100% Pure,13.99,"500 ml, $2.80/100ml",oils_vinegar,No Frills
Kosher Marsala Cooking Wine,3.99,"376 ml, $1.06/100ml",oils_vinegar,No Frills
Avocado Oil 100% Pure,13.99,"500 ml, $2.80/100ml",oils_vinegar,No Frills
100% Pure Canola Oil,11.99,"2.84 l, $0.42/100ml",oils_vinegar,No Frills
Balsamic Vinegar Of Modena,6.99,"500 ml, $1.40/100ml",oils_vinegar,No Frills
Spiced Vinegar,3.49,"750 ml, $0.47/100ml",oils_vinegar,No Frills
Kosher Marsala Cooking Wine,3.99,"376 ml, $1.06/100ml",oils_vinegar,No Frills
3 Leaf Balsamic Vinegar of Modena,5.49,"500 ml, $1.10/100ml",oils_vinegar,No Frills
Desi Ghee,26.99,"1.6 kg, $1.69/100g",oils_vinegar,No Frills
Organic Virgin Coconut Oil,21.99,"860 ml, $2.56/100ml",oils_vinegar,No Frills
Organic Apple Cider Vinegar,6.29,"473 ml, $1.33/100ml",oils_vinegar,No Frills
Light Olive Oil,17.49,"1 l, $1.75/100ml",oils_vinegar,No Frills
Apple Cider Vinegar 1 L,7.49,"1 l, $0.75/100ml",oils_vinegar,No Frills
100% Pure Vegetable Oil,11.99,"2.84 l, $0.42/100ml",oils_vinegar,No Frills
Splendido White Condiment with Wine Vinegar,4.00,"500 ml, $0.80/100ml",oils_vinegar,No Frills
Kosher Grape Seed Oil,10.99,"500 ml, $2.20/100ml",oils_vinegar,No Frills
Pure Sesame Oil,6.99,"327 ml, $2.14/100ml",oils_vinegar,No Frills
Organic Apple Cider Vinegar,5.99,"500 ml, $1.20/100ml",oils_vinegar,No Frills
"Rice Vinegar, Natural",4.99,"355 ml, $1.41/100ml",oils_vinegar,No Frills
Light White Balsamic Vinegar,6.79,"376 ml, $1.81/100ml",oils_vinegar,No Frills
Rice Vinegar 5% Acetic Acid,2.49,"300 ml, $0.83/100ml",oils_vinegar,No Frills
Olive Oil Cooking Spray,7.79,"148 ml, $5.26/100ml",oils_vinegar,No Frills
Vegetable Oil,16.99,"4 l, $0.42/100ml",oils_vinegar,No Frills
Kosher White Wine Vinegar,5.99,"360 ml, $1.66/100ml",oils_vinegar,No Frills
Desi Ghee Medium,16.49,"800 g, $2.06/100g",oils_vinegar,No Frills
Coconut Oil,2.79,"250 ml, $1.12/100ml",oils_vinegar,No Frills
Corn Oil,14.49,"2.84 l, $0.51/100ml",oils_vinegar,No Frills
Balsamic Vinegar Of Modena,11.59,"250 ml, $4.64/100ml",oils_vinegar,No Frills
Chinkiang Vinegar,1.99,"554 ml, $0.36/100ml",oils_vinegar,No Frills
"Delicato, Cold Extracted Extra Virgin Olive Oil  ",22.99,"1 l, $2.30/100ml",oils_vinegar,No Frills
Corn Oil,8.79,"1.18 l, $0.74/100ml",oils_vinegar,No Frills
Coconut Oil,4.89,"500 ml, $0.98/100ml",oils_vinegar,No Frills
Organics Coconut Oil,12.99,"860 ml, $1.51/100ml",oils_vinegar,No Frills
Cooking Spray Olive Oil,7.49,"170 g, $4.41/100g",oils_vinegar,No Frills
2 Leaf Balsamic Vinegar of Modena,4.99,"500 ml, $1.00/100ml",oils_vinegar,No Frills
Seasoned Rice Vinegar,4.99,"355 ml, $1.41/100ml",oils_vinegar,No Frills
Modified Liquid Coconut Oil,7.99,"250 ml, $3.20/100ml",oils_vinegar,No Frills
Pickling Vinegar     ,4.49,"4 l, $0.11/100ml",oils_vinegar,No Frills
Kosher White Wine Vinegar    ,6.49,"500 ml, $1.30/100ml",oils_vinegar,No Frills
Oil,8.99,"1 l, $0.90/100ml",oils_vinegar,No Frills
Extra Virgin Olive Oil Club Size,45.99,"3 l, $1.53/100ml",oils_vinegar,No Frills
Kosher Balsamic Vinegar,6.79,"376 ml, $1.81/100ml",oils_vinegar,No Frills
Organic Extra Virgin Olive Oil,21.99,"750 ml, $2.93/100ml",oils_vinegar,No Frills
Balsamic Vinegar,4.99,"500 ml, $1.00/100ml",oils_vinegar,No Frills
Pure Sesame Oil,4.49,"163 ml, $2.75/100ml",oils_vinegar,No Frills
Kosher Red Wine Vinegar,5.99,"360 ml, $1.66/100g",oils_vinegar,No Frills
Canola Oil Spray,4.29,"170 ml, $2.52/100ml",oils_vinegar,No Frills
Kosher Extra Virgin Olive Oil   ,20.49,"750 ml, $2.73/100ml",oils_vinegar,No Frills
Iodized Table Salt,1.69,"1 kg, $0.17/100g",spices_seasoning,No Frills
Garlic Powder,2.29,"150 g, $1.53/100g",spices_seasoning,No Frills
Onion Powder,2.29,"150 g, $1.53/100g",spices_seasoning,No Frills
Chopped Garlic,3.99,"250 g, $1.60/100g",spices_seasoning,No Frills
Ground Black Pepper,2.29,"150 g, $1.53/100g",spices_seasoning,No Frills
Oregano Leaves,2.29,"30 g, $7.63/100g",spices_seasoning,No Frills
Paprika,2.29,"150 g, $1.53/100g",spices_seasoning,No Frills
Italian-Style Seasoning,2.29,"35 g, $6.54/100g",spices_seasoning,No Frills
Chili Powder,2.29,"150 g, $1.53/100g",spices_seasoning,No Frills
Black Peppercorns,2.29,"125 g, $1.83/100g",spices_seasoning,No Frills
Ground Cinnamon,2.29,"150 g, $1.53/100g",spices_seasoning,No Frills
Ground Cumin,2.29,"97 g, $2.36/100g",spices_seasoning,No Frills
Parsley Flakes,2.29,"15 g, $15.27/100g",spices_seasoning,No Frills
Sesame Seeds,2.29,"150 g, $1.53/100g",spices_seasoning,No Frills
Crushed Red Pepper ,2.29,"60 g, $3.82/100g",spices_seasoning,No Frills
Basil Leaves,2.29,"40 g, $5.73/100g",spices_seasoning,No Frills
Extra Crispy Coating Mix ,3.00,"152 g, $1.97/100g",spices_seasoning,No Frills
Italian Style Bread Crumbs with Italian Romano Cheese,5.29,"680 g, $0.78/100g",spices_seasoning,No Frills
Bay Leaves,2.29,"20 g, $11.45/100g",spices_seasoning,No Frills
"La Grille, Montreal Steak Spice Seasoning",4.99,"188 g, $2.65/100g",spices_seasoning,No Frills
Garlic Powder Club Size,7.99,"700 g, $1.14/100g",spices_seasoning,No Frills
Chopped Garlic,6.99,"1 kg, $0.70/100g",spices_seasoning,No Frills
Minced Ginger,3.29,"120 g, $2.74/100g",spices_seasoning,No Frills
Shake 'n Bake Coating Mix Original Crispy,4.79,"142 g, $3.37/100g",spices_seasoning,No Frills
Thyme Leaves,2.29,"45 g, $5.09/100g",spices_seasoning,No Frills
Panko Bread Crumbs,4.29,"227 g, $1.89/100g",spices_seasoning,No Frills
Table Salt Iodized,1.29,"1 kg, $0.13/100g",spices_seasoning,No Frills
"Kosher Salt, Coarse",4.99,"1.36 kg, $0.37/100g",spices_seasoning,No Frills
Rosemary Leaves,2.29,"50 g, $4.58/100g",spices_seasoning,No Frills
Curry Powder,2.29,"125 g, $1.83/100g",spices_seasoning,No Frills
Shake 'n Bake Coating Mix Crispy Southern Fried,4.79,"142 g, $3.37/100g",spices_seasoning,No Frills
Ground Ginger,2.29,"100 g, $2.29/100g",spices_seasoning,No Frills
Kosher Salt,4.00,"1.36 kg, $0.29/100g",spices_seasoning,No Frills
Crispy Rice Marshmallow Squares,6.99,"528 g, $1.32/100g",spices_seasoning,No Frills
Green Cardamom Seed ,3.00,"50 g, $6.00/100g",spices_seasoning,No Frills
Original Coating Mix ,3.00,"142 g, $2.11/100g",spices_seasoning,No Frills
Memories Of Sicilia Fine Sea Salts,2.79,"750 g, $0.37/100g",spices_seasoning,No Frills
"Signature, Blends Italiano",4.99,"123 g, $4.06/100g",spices_seasoning,No Frills
Cinnamon Sticks,2.29,"100 g, $2.29/100g",spices_seasoning,No Frills
Smoked Paprika,4.49,"41 g, $10.95/100g",spices_seasoning,No Frills
"One Step Seasoning, Greek",4.99,"120 g, $4.16/100g",spices_seasoning,No Frills
"Signature Blend, Cajun",4.99,"120 g, $4.16/100g",spices_seasoning,No Frills
Chili Powder Seasoning,5.99,"140 g, $4.22/100g",spices_seasoning,No Frills
Ground Cinnamon,4.49,"90 g, $4.99/100g",spices_seasoning,No Frills
Coating Mix Crispy Pork,4.79,"160 g, $2.99/100g",spices_seasoning,No Frills
Spice Mix Bbq,12.99,"710 g, $1.83/100g",spices_seasoning,No Frills
Japanese Bread Crumbs    ,3.99,"227 g, $1.76/100g",spices_seasoning,No Frills
Paprika,5.29,"400 g, $1.32/100g",spices_seasoning,No Frills
Keto Nut Crumbs Mediterranean Mix,11.99,"283 g, $4.24/100g",spices_seasoning,No Frills
Kosher Garlic Powder ,2.59,"37 g, $7.00/100g",spices_seasoning,No Frills
Thai Red Curry Paste,2.49,"50 g, $4.98/100g",spices_seasoning,No Frills
Japanese Bread Crumbs    ,3.99,"227 g, $1.76/100g",spices_seasoning,No Frills
Keto Nut Crumbs Spicy Mix,11.99,"283 g, $4.24/100g",spices_seasoning,No Frills
Nihari Curry Spice Mix,1.99,"60 g, $3.32/100g",spices_seasoning,No Frills
Coating Mix Crispy Pork,4.79,"160 g, $2.99/100g",spices_seasoning,No Frills
Kosher Ground Black Pepper ,2.59,"37 g, $7.00/100g",spices_seasoning,No Frills
"Bag 'N Bake, Barbecue",3.49,"77 g, $4.53/100g",spices_seasoning,No Frills
Ground Coriander ,2.49,"300 g, $0.83/100g",spices_seasoning,No Frills
Table Salt,1.99,"737 g, $0.27/100g",spices_seasoning,No Frills
"Panko Bread Crumbs, Cajun Flavoured",14.99,"400 g, $3.75/100g",spices_seasoning,No Frills
Sabji Masala,2.29,"100 g, $2.29/100g",spices_seasoning,No Frills
Kalonji Seed ,2.29,"200 g, $1.15/100g",spices_seasoning,No Frills
Crispy Fried Onions,4.00,"400 g, $1.00/100g",spices_seasoning,No Frills
"Black Peppercorns, Kali Mirch",3.29,"100 g, $3.29/100g",spices_seasoning,No Frills
French Fry Seasoning,4.49,"100 g, $4.49/100g",spices_seasoning,No Frills
"Red Chili Peppers, Lal Mirch",2.29,"100 g, $2.29/100g",spices_seasoning,No Frills
Madras Curry Powder (Mild),3.79,"400 g, $0.95/100g",spices_seasoning,No Frills
Roasted Black Sesame Seeds,4.49,"227 g, $1.98/100g",spices_seasoning,No Frills
"Cumin Seeds, Jeera",9.49,"400 g, $2.37/100g",spices_seasoning,No Frills
Chana Masala,2.29,"100 g, $2.29/100g",spices_seasoning,No Frills
"Sea Salt, Fine",4.99,"500 g, $1.00/100g",spices_seasoning,No Frills
Steak Seasoning,8.99,"725 g, $1.24/100g",spices_seasoning,No Frills
Marjoram Leaves,4.99,"11 g, $45.36/100g",spices_seasoning,No Frills
Poultry Rub Seasoning,4.79,"100 g, $4.79/100g",spices_seasoning,No Frills
Black Peppercorns,16.99,"575 g, $2.95/100g",spices_seasoning,No Frills
Cayenne Pepper,7.29,"81 g, $9.00/100g",spices_seasoning,No Frills
Onion Salt,2.29,"200 g, $1.15/100g",spices_seasoning,No Frills
"Ground Cinnamon, Club Size",8.49,"560 g, $1.52/100g",spices_seasoning,No Frills
Freeze-Dried Chives,2.29,"5.5 g, $41.64/100g",spices_seasoning,No Frills
Black Peppercorns Grinder,4.29,"34 g, $12.62/100g",spices_seasoning,No Frills
"Signature Blends, Salt Free Garlic",4.99,"142 g, $3.51/100g",spices_seasoning,No Frills
Seasoning Steak,6.99,"170 g, $4.11/100g",spices_seasoning,No Frills
Salt Free Salt Substitute,6.79,"311 g, $2.18/100g",spices_seasoning,No Frills
Dehydrated Minced Onion,2.29,"105 g, $2.18/100g",spices_seasoning,No Frills
Rainbow Peppercorn Blend,4.99,"45 g, $11.09/100g",spices_seasoning,No Frills
Smoked Paprika,10.49,"116 g, $9.04/100g",spices_seasoning,No Frills
Poultry Seasoning,2.29,"70 g, $3.27/100g",spices_seasoning,No Frills
Cinnamon Ground Organic,2.79,"40 g, $6.98/100g",spices_seasoning,No Frills
"Signature Blends, Parmesan & Herbs",4.99,"135 g, $3.70/100g",spices_seasoning,No Frills
Onion Powder Organic,2.79,"44 g, $6.34/100g",spices_seasoning,No Frills
Mediterranean Sea Salts,7.49,"360 g, $2.08/100g",spices_seasoning,No Frills
Rosemary Leaves,4.89,"23 g, $21.26/100g",spices_seasoning,No Frills
Sun-Dried Tomato & Herb Seasoning Blend,3.79,"85 g, $4.46/100g",spices_seasoning,No Frills
Ground Ginger,3.99,"37 g, $10.78/100g",spices_seasoning,No Frills
"La Grille, Montreal Chicken Seasoning",4.99,"170 g, $2.94/100g",spices_seasoning,No Frills
"Signature Blends, Lemon and Herbs",4.99,"134 g, $3.72/100g",spices_seasoning,No Frills
La Grille Montreal Chicken Wet Rub,4.99,"200 ml, $2.50/100ml",spices_seasoning,No Frills
Sun-Dried Tomato & Herb Seasoning Blend,3.79,"85 g, $4.46/100g",spices_seasoning,No Frills
Ground Ginger,3.99,"37 g, $10.78/100g",spices_seasoning,No Frills
Poultry Seasoning,2.29,"70 g, $3.27/100g",spices_seasoning,No Frills
Double Mustard Superfine Powder,6.49,"113 g, $5.74/100g",spices_seasoning,No Frills
Coriander Seed ,1.50,"100 g, $1.50/100g",spices_seasoning,No Frills
Pickling Spices,3.49,"200 g, $1.75/100g",spices_seasoning,No Frills
Garlic Powder,6.99,"99 g, $7.06/100g",spices_seasoning,No Frills
Ground Onion Powder,5.49,"85 g, $6.46/100g",spices_seasoning,No Frills
"Chilli Powder, Hot",4.00,"400 g, $1.00/100g",spices_seasoning,No Frills
Spice Mix Tandoori Masala,12.99,"710 g, $1.83/100g",spices_seasoning,No Frills
Ground Termurtic,6.49,"70 g, $9.27/100g",spices_seasoning,No Frills
Adobo Seasoning with Pepper,3.29,"228 g, $1.44/100g",spices_seasoning,No Frills
Fresh Ground Black Pepper,7.29,"70 g, $10.41/100g",spices_seasoning,No Frills
"Tikka Seekh Kebab, BBQ",1.99,"50 g, $3.98/100g",spices_seasoning,No Frills
Crushed Chillies,3.49,"200 g, $1.75/100g",spices_seasoning,No Frills
Fiori Di Sicilia  Natural Citrus And Vanilla Flavour,5.99,"59 ml, $10.15/100ml",spices_seasoning,No Frills
Cloves,3.29,"75 g, $4.39/100g",spices_seasoning,No Frills
Star Anise,4.99,"80 g, $6.24/100g",spices_seasoning,No Frills
Original Chicken Roasters Seasoned Coating,4.49,"85 g, $5.28/100g",spices_seasoning,No Frills
Recipe & Seasoning Mix Chapli Kabab,1.99,"100 g, $1.99/100g",spices_seasoning,No Frills
Sizzlin' Butter Seasoning,7.29,"184 g, $3.96/100g",spices_seasoning,No Frills
Coating Mix Extra Crispy,4.79,"152 g, $3.15/100g",spices_seasoning,No Frills
Pickling Spice,4.79,"57 g, $8.40/100g",spices_seasoning,No Frills
"Ground Black Pepper, Kali Mirch",10.99,"400 g, $2.75/100g",spices_seasoning,No Frills
Ground Turmeric ,3.49,"400 g, $0.87/100g",spices_seasoning,No Frills
Garam Masala,4.29,"400 g, $1.07/100g",spices_seasoning,No Frills
"Fenugreek Seeds, Methi Dana",2.29,"400 g, $0.57/100g",spices_seasoning,No Frills
Himalayan Pink Rock Salts Grinder,3.99,"70 g, $5.70/100g",spices_seasoning,No Frills
Black Peppercorns,4.99,"48 g, $10.40/100g",spices_seasoning,No Frills
Hot+Honey Seasoning,6.99,"170 g, $41.12/100g",spices_seasoning,No Frills
"Allspice, Ground",5.49,"35 g, $15.69/100g",spices_seasoning,No Frills
Celery Salt,7.99,"190 g, $4.21/100g",spices_seasoning,No Frills
Thyme Leaves,9.79,"102 g, $9.60/100g",spices_seasoning,No Frills
Sea Salt Grinder,4.49,"60 g, $7.48/100g",spices_seasoning,No Frills
Roasted Garlic & Herb Seasoning,7.29,"156 g, $4.67/100g",spices_seasoning,No Frills
Flavour Bomb Seasoning,7.29,"191 g, $3.82/100g",spices_seasoning,No Frills
Parsley Leaves,3.99,"8 g, $49.88/100g",spices_seasoning,No Frills
Organic Paprika,2.79,"40 g, $6.98/100g",spices_seasoning,No Frills
Ground Turmeric,4.99,"43 g, $11.60/100g",spices_seasoning,No Frills
Hot+ Ranch Seasoning,6.99,"165 g, $4.24/100g",spices_seasoning,No Frills
Chili Powder,8.99,"138 g, $6.51/100g",spices_seasoning,No Frills
Dill Weed,8.99,"50 g, $17.98/100g",spices_seasoning,No Frills
Paprika,8.29,"119 g, $6.97/100g",spices_seasoning,No Frills
Whole Cloves,5.99,"31 g, $19.32/100g",spices_seasoning,No Frills
"La Grille, Salt Free Salmon Seasoning",4.99,"140 g, $3.56/100g",spices_seasoning,No Frills
Ground Sage,2.29,"80 g, $2.86/100g",spices_seasoning,No Frills
Pickling Spice (Pouch),4.29,"110 g, $3.90/100g",spices_seasoning,No Frills
Thyme Leaves,9.79,"102 g, $9.60/100g",spices_seasoning,No Frills
Sea Salt Grinder,4.49,"60 g, $7.48/100g",spices_seasoning,No Frills
Roasted Garlic & Herb Seasoning,7.29,"156 g, $4.67/100g",spices_seasoning,No Frills
Himalayan Rock Salts ,4.99,"100 g, $4.99/100g",spices_seasoning,No Frills
"Allspice, Ground",5.49,"35 g, $15.69/100g",spices_seasoning,No Frills
"La Grille, Seasoned Salt",4.99,"248 g, $2.01/100g",spices_seasoning,No Frills
Pickling Spice (Pouch),4.29,"110 g, $3.90/100g",spices_seasoning,No Frills
Canning & Pickling Coarse Salt,2.49,"1.36 kg, $0.18/100g",spices_seasoning,No Frills
Hot Seasoning,3.29,"227 g, $1.45/100g",spices_seasoning,No Frills
Crushed Chili Peppers ,7.49,"500 g, $1.50/100g",spices_seasoning,No Frills
Home-Style Potato Latke Mix,5.49,"170 g, $3.23/100g",spices_seasoning,No Frills
Keto Nut Crumbs Seasoned Mix,11.99,"283 g, $4.24/100g",spices_seasoning,No Frills
"Coating Crumbs, Seasoned, Gluten Free",9.99,"425 g, $2.35/100g",spices_seasoning,No Frills
Kosher Cake Meal,4.99,"454 g, $1.10/100g",spices_seasoning,No Frills
Ground Cinnamon,5.49,"48 g, $11.44/100g",spices_seasoning,No Frills
Fennel Seed ,5.29,"250 g, $2.12/100g",spices_seasoning,No Frills
Thyme Leaf,4.29,"28 g, $15.32/100g",spices_seasoning,No Frills
Butter Chicken Spice Mix,1.99,"50 g, $3.98/100g",spices_seasoning,No Frills
Roasted Sesame Seeds,4.49,"227 g, $1.98/100g",spices_seasoning,No Frills
Cayenne Pepper,4.29,"85 g, $5.05/100g",spices_seasoning,No Frills
Red Pepper Powder Fine Grind,6.99,"500 g, $1.40/100g",spices_seasoning,No Frills
Kosher Salt ,2.99,"454 g, $0.66/100g",spices_seasoning,No Frills
Chicken Curry Masala,2.29,"100 g, $2.29/100g",spices_seasoning,No Frills
Paprika,2.59,"37 g, $7.00/100g",spices_seasoning,No Frills
Anchar Gosht Masala Mix,1.99,"50 g, $3.98/100g",spices_seasoning,No Frills
Bag N' Bake Coating Mix,3.49,"77 g, $4.53/100g",spices_seasoning,No Frills
Ground Coriander ,1.29,"100 g, $1.29/100g",spices_seasoning,No Frills
Minced Garlic,6.99,"85 g, $8.22/100g",spices_seasoning,No Frills
"Carom Seeds, Ajwain",1.99,"100 g, $1.99/100g",spices_seasoning,No Frills
Hot Paprika,4.49,"90 g, $4.99/100g",spices_seasoning,No Frills
Brown Mustard Seed ,1.49,"100 g, $1.49/100g",spices_seasoning,No Frills
Seasoning Mix Magic Sarap,1.79,"96 g, $1.86/100g",spices_seasoning,No Frills
Parsley Flakes,4.79,"6 g, $79.83/100g",spices_seasoning,No Frills
"Spice Mix, Butter Chicken Masala",3.29,"100 g, $3.29/100g",spices_seasoning,No Frills
Garlic Flakes,3.29,"200 g, $1.65/100g",spices_seasoning,No Frills
Italian Seasoning Organic,2.79,"11 g, $25.36/100g",spices_seasoning,No Frills
Ground Coriander,4.29,"36 g, $11.92/100g",spices_seasoning,No Frills
"Garlic, Minced",7.99,"1 kg, $0.80/100g",spices_seasoning,No Frills
Ground Thyme,2.29,"80 g, $2.86/100g",spices_seasoning,No Frills
Sea Salt   ,4.99,"77 g, $6.48/100g",spices_seasoning,No Frills
"La Grille, Southern-Style BBQ Seasoning",4.99,"125 g, $3.99/100g",spices_seasoning,No Frills
Thyme Leaves,6.49,"24 g, $27.04/100g",spices_seasoning,No Frills
Original Seasoning Blend,7.99,"132 g, $6.05/100g",spices_seasoning,No Frills
Grinder Refill Sea Salt Extra Coarse,4.79,"255 g, $1.88/100g",spices_seasoning,No Frills
"Garlic, Minced",3.29,"125 g, $2.63/100g",spices_seasoning,No Frills
Organic Rosemary Leaves,2.79,"14 g, $19.93/100g",spices_seasoning,No Frills
"La Grille, Pork Seasoning",4.99,"120 g, $4.16/100g",spices_seasoning,No Frills
Ground Cumin,5.99,"42 g, $14.26/100g",spices_seasoning,No Frills
Turmeric Pure,2.89,"120 g, $2.41/100g",spices_seasoning,No Frills
"La Grille, Smouldering Smoked Applewood Seasoning",4.99,"168 g, $2.97/100g",spices_seasoning,No Frills
Basil Leaves,5.99,"37 g, $16.19/100g",spices_seasoning,No Frills
Original Seasoning Blend,7.99,"132 g, $6.05/100g",spices_seasoning,No Frills
Grinder Refill Sea Salt Extra Coarse,4.79,"255 g, $1.88/100g",spices_seasoning,No Frills
Tarragon Leaves,5.49,"13 g, $42.23/100g",spices_seasoning,No Frills
"Signature Blends, Roasted Garlic & Pepper",4.99,"144 g, $3.47/100g",spices_seasoning,No Frills
"La Grille, Barbecue Chicken Seasoning",4.99,"203 g, $2.46/100g",spices_seasoning,No Frills
Kosher Fine Sea Salt Shaker,2.79,"500 g, $0.56/100g",spices_seasoning,No Frills
"La Grille, Vegetable Seasoning",4.99,"148 g, $3.37/100g",spices_seasoning,No Frills
"Garlic, Minced",3.29,"125 g, $2.63/100g",spices_seasoning,No Frills
Organic Rosemary Leaves,2.79,"14 g, $19.93/100g",spices_seasoning,No Frills
"La Grille, Pork Seasoning",4.99,"120 g, $4.16/100g",spices_seasoning,No Frills
Tandoori Chicken BBQ Spice Mix,1.99,"50 g, $3.98/100g",spices_seasoning,No Frills
Lemon & Herb Seasoning,3.79,"100 g, $3.79/100g",spices_seasoning,No Frills
Himalayan Pink Salt Fine ,6.49,"500 g, $1.30/100g",spices_seasoning,No Frills
Chicken & Ribs Seasoning,8.99,"750 g, $1.20/100g",spices_seasoning,No Frills
Ground Mustard,2.29,"100 g, $2.29/100g",spices_seasoning,No Frills
Sindhi Biryani Spice Mix,1.99,"65 g, $3.06/100g",spices_seasoning,No Frills
Seasoned Salt,4.49,"225 g, $2.00/100g",spices_seasoning,No Frills
Chicken Tikka BBQ Spice Mix,1.99,"50 g, $3.98/100g",spices_seasoning,No Frills
"Ground Cumin, Pisa Jeera",8.49,"400 g, $2.12/100g",spices_seasoning,No Frills
"Cumin Seeds, Jeera",20.49,"1 kg, $2.05/100g",spices_seasoning,No Frills
Kosher Crushed Garlic Cubes,5.99,"71 g, $8.44/100g",spices_seasoning,No Frills
"Rice Seasoning, Nori Komi Furikake",3.29,"50 g, $6.58/100g",spices_seasoning,No Frills
Ground Nutmeg ,3.79,"100 g, $3.79/100g",spices_seasoning,No Frills
"Chili Powder, Hot",9.49,"1 kg, $0.95/100g",spices_seasoning,No Frills
Thai Green Curry Paste,2.49,"50 g, $4.98/100g",spices_seasoning,No Frills
Korma Curry Spice Mix,1.99,"50 g, $3.98/100g",spices_seasoning,No Frills
Garlic Powder     ,12.99,"255 g, $5.09/100g",spices_seasoning,No Frills
Zahatar Seasoning,5.99,"100 g, $5.99/100g",spices_seasoning,No Frills
Ground Black Pepper,21.49,"1 kg, $2.15/100g",spices_seasoning,No Frills
"Crispy Coating Crumbs, Plain Panko",10.99,"283 g, $3.88/100g",spices_seasoning,No Frills
Rosemary Leaf,4.29,"28 g, $15.32/100g",spices_seasoning,No Frills
Himalayan Pink Salt ,4.00,"1 kg, $0.40/100g",spices_seasoning,No Frills
Tandoori Masala,2.29,"100 g, $2.29/100g",spices_seasoning,No Frills
Granulated Garlic,8.99,"120 g, $7.49/100g",spices_seasoning,No Frills
Fennel Seeds,13.99,"750 g, $1.87/100g",spices_seasoning,No Frills
Onion Powder,8.99,"213 g, $4.22/100g",spices_seasoning,No Frills
"Rice Flakes, Poha",2.00,"300 g, $0.67/100g",spices_seasoning,No Frills
Amchoor Powder Mango Powder ,1.99,"100 g, $1.99/100g",spices_seasoning,No Frills
Natural Sea Salts,2.49,"500 g, $0.50/100g",spices_seasoning,No Frills
Spice Mix for Meat Masala,1.99,"100 g, $1.99/100g",spices_seasoning,No Frills
Black Cardamom Seeds,2.99,"50 g, $5.98/100g",spices_seasoning,No Frills
Tempura Batter Mix ,1.29,"150 g, $0.86/100g",spices_seasoning,No Frills
Red Chili Dried,1.99,"120 g, $1.66/100g",spices_seasoning,No Frills
Chana Masala Spice Mix,1.99,"100 g, $1.99/100g",spices_seasoning,No Frills
Recipe & Seasoning Mix Karahi,1.99,"50 g, $3.98/100g",spices_seasoning,No Frills
Chicken Masala Mix,1.99,"50 g, $3.98/100g",spices_seasoning,No Frills
Chana Masala Spice Mix,1.99,"100 g, $1.99/100g",spices_seasoning,No Frills
Spice Mix for Meat Masala,1.99,"100 g, $1.99/100g",spices_seasoning,No Frills
Arabic Seasoning Mix Kabuli Rice,1.99,"50 g, $3.98/100g",spices_seasoning,No Frills
Coriander & Annatto Seasoning   ,4.99,"100 g, $4.99/100g",spices_seasoning,No Frills
"Cinnamon Sticks, Dalchini",2.49,"100 g, $2.49/100g",spices_seasoning,No Frills
Special Bombay Biryani Mix,1.99,"60 g, $3.32/100g",spices_seasoning,No Frills
Onion Salt,8.99,"212 g, $4.24/100g",spices_seasoning,No Frills
Marinated Ribs Dry Rub,6.99,"180 g, $3.88/100g",spices_seasoning,No Frills
Organic Thyme Leaves,2.79,"20 g, $13.95/100g",spices_seasoning,No Frills
Ground Red Cayenne Pepper,4.99,"41 g, $12.17/100g",spices_seasoning,No Frills
"Seasoning Salt, No MSG",5.49,"454 g, $1.21/100g",spices_seasoning,No Frills
Cowboy Seasoning & Rub,7.29,"159 g, $4.58/100g",spices_seasoning,No Frills
Seasoning Salt,3.00,"454 g, $0.66/100g",spices_seasoning,No Frills
"La Grille, No Salt Added Vegetable Seasoning",4.99,"122 g, $4.09/100g",spices_seasoning,No Frills
Ground Cinnamon,8.99,"125 g, $7.19/100g",spices_seasoning,No Frills
Roasted Garlic Puree,2.79,"125 g, $2.23/100g",spices_seasoning,No Frills
Seasoning Blend Original,4.99,"70 g, $7.13/100g",spices_seasoning,No Frills
Garam Masala Blend,4.99,"45 g, $11.09/100g",spices_seasoning,No Frills
Roasted Garlic Seasoning,3.79,"110 g, $3.45/100g",spices_seasoning,No Frills
Paprika,4.49,"48 g, $9.35/100g",spices_seasoning,No Frills
Chili Powder,9.49,"600 g, $1.58/100g",spices_seasoning,No Frills
Food Seasoning,6.29,"500 g, $1.26/100g",spices_seasoning,No Frills
"La Grille, Maple Bacon Seasoning",4.99,"152 g, $3.28/100g",spices_seasoning,No Frills
Mustard Seed,7.49,"165 g, $4.54/100g",spices_seasoning,No Frills
Iodized Himalayan Pink Salt ,7.99,"2 kg, $0.40/100g",spices_seasoning,No Frills
Poultry Seasoning,5.49,"25 g, $21.96/100g",spices_seasoning,No Frills
Seasoning Blend Garlic & Herb,4.99,"70 g, $7.13/100g",spices_seasoning,No Frills
La Grille All Purpose Seasoning Garlic & Crushed Herbs With Sea Salt & Pepper,4.99,"155 g, $3.22/100g",spices_seasoning,No Frills
"La Grille, Brazillian Style BBQ Seasoning",4.99,"120 g, $4.16/100g",spices_seasoning,No Frills
Tamarind Without Seeds,3.99,"400 g, $1.00/100g",spices_seasoning,No Frills
Dehydrated Chopped Onions,2.29,"80 g, $2.86/100g",spices_seasoning,No Frills
Turmeric Ground,5.99,"1 kg, $0.60/100g",spices_seasoning,No Frills
Sazon Saffron     ,4.99,"100 g, $4.99/100g",spices_seasoning,No Frills
"Gluten Free Panko Flakes, Seasoned",14.99,"397 g, $3.78/100g",spices_seasoning,No Frills
Bay Leaves,1.49,"25 g, $5.96/100g",spices_seasoning,No Frills
Kosher Onion Powder,2.59,"37 g, $7.00/100g",spices_seasoning,No Frills
Ground Ginger ,3.29,"200 g, $1.65/100g",spices_seasoning,No Frills
Seto Fumi Furikake Rice Seasoning,3.29,"50 g, $6.58/100g",spices_seasoning,No Frills
Basil      ,4.79,"77 g, $6.22/100g",spices_seasoning,No Frills
Ground Black Pepper,8.99,"213 g, $4.22/100g",spices_seasoning,No Frills
Hot Paprika Oil,4.49,"90 g, $4.99/100g",spices_seasoning,No Frills
Citric Acid,5.99,"170 g, $3.52/100g",spices_seasoning,No Frills
Special Shahi Haleem Mix,3.99,"375 g, $1.06/100g",spices_seasoning,No Frills
Ground Pure Sweet Paprika,6.49,"85 g, $7.64/100g",spices_seasoning,No Frills
Black Mustard Seed ,1.79,"200 g, $0.90/100g",spices_seasoning,No Frills
Premium Tandoori Masala Spice,3.99,"400 g, $1.00/100g",spices_seasoning,No Frills
Chaat Masala Seasoning Mix,1.99,"100 g, $1.99/100g",spices_seasoning,No Frills
Chaat Masala Seasoning Mix,1.99,"100 g, $1.99/100g",spices_seasoning,No Frills
Arabic Seasoning Mix Mandhi,1.99,"50 g, $3.98/100g",spices_seasoning,No Frills
Organic Cayenne Pepper,2.79,"33 g, $8.45/100g",spices_seasoning,No Frills
Sea Salt Grinder,4.29,"70 g, $6.13/100g",spices_seasoning,No Frills
Parsley Flakes ,4.49,"85 g, $5.28/100g",spices_seasoning,No Frills
"Pepper, Black Coarse",6.99,"100 g, $6.99/100g",spices_seasoning,No Frills
"La Grille, Montreal Steak Spice Seasoning",13.99,"825 g, $1.70/100g",spices_seasoning,No Frills
Oregano Leaves,8.99,"33 g, $27.24/100g",spices_seasoning,No Frills
Tellicherry Black Peppercorns ,7.99,"180 g, $4.44/100g",spices_seasoning,No Frills
Organic Garlic Powder Bag,2.79,"57 g, $4.89/100g",spices_seasoning,No Frills
Iodized Salt & Pepper,4.99,"155 g, $3.22/100g",spices_seasoning,No Frills
Himalayan Pink Salt  ,2.49,"500 g, $0.50/100g",spices_seasoning,No Frills
Seasoning Salt,3.79,"450 g, $0.84/100g",spices_seasoning,No Frills
Ground Cumin,9.99,"90 g, $11.10/100g",spices_seasoning,No Frills
Oregano Leaves,4.99,"14 g, $35.64/100g",spices_seasoning,No Frills
Steak Rub Seasoning,4.79,"100 g, $4.79/100g",spices_seasoning,No Frills
"One Step Seasoning, Original, Salt Free",4.99,"125 g, $3.99/100g",spices_seasoning,No Frills
Nutmeg Ground,2.29,"125 g, $1.83/100g",spices_seasoning,No Frills
Organic Oregano Leaves,2.79,"11 g, $25.36/100g",spices_seasoning,No Frills
"Seasoned Coating Mix, Original",4.99,"340 g, $1.47/100g",spices_seasoning,No Frills
Original Seasoning,4.49,"74 g, $6.07/100g",spices_seasoning,No Frills
Ground Cardamom,7.99,"45 g, $17.76/100g",spices_seasoning,No Frills
Organic Ground Turmeric Bag,2.79,"39 g, $7.15/100g",spices_seasoning,No Frills
"La Grille, Spicy Montreal Steak Spice Seasoning",4.99,"157 g, $3.18/100g",spices_seasoning,No Frills
"La Grille, Chipotle Mango Seasoning",4.99,"160 g, $3.12/100g",spices_seasoning,No Frills
Ground Nutmeg,6.49,"51 g, $12.73/100g",spices_seasoning,No Frills
Seasoning Blend ,5.49,"212 g, $2.59/100g",spices_seasoning,No Frills
Fennel Seeds,4.49,"44 g, $10.20/100g",spices_seasoning,No Frills
"Black Pepper, Ground",6.99,"115 g, $6.08/100g",spices_seasoning,No Frills
Pepper Medley Grinder,4.49,"24 g, $18.71/100g",spices_seasoning,No Frills
Onion Powder,7.49,"116 g, $6.46/100g",spices_seasoning,No Frills
Kosher Salt ,5.49,"1.82 kg, $0.30/100g",spices_seasoning,No Frills
"One Step Seasoning, Tex Mex",4.99,"136 g, $3.67/100g",spices_seasoning,No Frills
"Signature Blends, Garlic Plus",4.99,"141 g, $3.54/100g",spices_seasoning,No Frills
"La Grille, Salt Free Chicken Seasoning",4.99,"131 g, $3.81/100g",spices_seasoning,No Frills
Flaked Light Tuna,1.00,"170 g, $0.59/100g",cannedFood,No Frills
Chunk Light Tuna,1.00,"170 g, $0.59/100g",cannedFood,No Frills
Black Beans,1.49,"540 ml, $0.28/100ml",cannedFood,No Frills
Peaches & Cream Corn,2.19,"341 ml, $0.64/100ml",cannedFood,No Frills
Reduced Sodium Chicken Broth,1.69,"900 ml, $0.19/100ml",cannedFood,No Frills
Diced Tomatoes,2.49,"796 ml, $0.31/100ml",cannedFood,No Frills
Chickpeas,1.49,"540 ml, $0.28/100ml",cannedFood,No Frills
Chicken Broth,1.69,"900 ml, $0.19/100ml",cannedFood,No Frills
Condensed Soup Tomato,1.59,"284 ml, $0.56/100ml",cannedFood,No Frills
Diced Tomatoes with Herbs and Spices,1.79,"796 ml, $0.22/100ml",cannedFood,No Frills
"Corn Niblets, Whole Kernel",2.19,"341 ml, $0.64/100ml",cannedFood,No Frills
Black Beans,1.99,"540 ml, $0.37/100ml",cannedFood,No Frills
Cream of Mushroom Condensed Soup,1.59,"284 ml, $0.56/100ml",cannedFood,No Frills
Chick Peas,1.99,"540 ml, $0.37/100ml",cannedFood,No Frills
Original Beans In Tomato Sauce,1.79,"398 ml, $0.45/100ml",cannedFood,No Frills
Creamy Style Sweet Corn,2.19,"398 ml, $0.55/100ml",cannedFood,No Frills
Sliced Mushrooms,1.25,"284 ml, $0.44/100ml",cannedFood,No Frills
Dark Red Kidney Beans,1.49,"540 ml, $0.28/100ml",cannedFood,No Frills
Whole Kernel Crisp Corn,1.29,"341 ml, $0.38/100ml",cannedFood,No Frills
"Diced Tomatoes, Herbs & Spices",2.49,"796 ml, $0.31/100ml",cannedFood,No Frills
Crushed Tomatoes,2.49,"796 ml, $0.31/100ml",cannedFood,No Frills
Chickpeas,1.79,"540 ml, $0.33/100ml",cannedFood,No Frills
Red Kidney Beans,1.99,"540 ml, $0.37/100ml",cannedFood,No Frills
"Flaked Light Tuna, Skip Jack In Water",1.99,"170 g, $1.17/100g",cannedFood,No Frills
Black Beans,1.79,"540 ml, $0.33/100ml",cannedFood,No Frills
Peaches and Cream Whole Kernel Corn,1.29,"341 ml, $0.38/100ml",cannedFood,No Frills
Stuffed Manzanilla Olives With Pimento Paste,2.00,"375 ml, $0.53/100ml",cannedFood,No Frills
"Black Olives, Sliced Ripe",1.99,"200 ml, $1.00/100ml",cannedFood,No Frills
Garlic Baby Dill Pickles,4.49,"1 l, $0.45/100ml",cannedFood,No Frills
"Tuna, Solid Light",2.49,"198 g, $1.26/100g",cannedFood,No Frills
Pineapple Tidbits in Pineapple Juice,1.99,"398 ml, $0.50/100ml",cannedFood,No Frills
Unsweetened Apple Sauce,3.00,"620 ml, $0.48/100ml",cannedFood,No Frills
Beef Broth,1.69,"900 ml, $0.19/100ml",cannedFood,No Frills
Alphaghetti,1.79,"398 ml, $0.45/100ml",cannedFood,No Frills
Sliced Ripe Olives,1.99,"398 ml, $0.50/100ml",cannedFood,No Frills
"Chunk Light Tuna, Skip Jack In Water",1.99,"170 g, $1.17/100g",cannedFood,No Frills
Baby Dill Pickles With Garlic,3.00,"1 l, $0.30/100ml",cannedFood,No Frills
Pickled Hot Banana Pepper Rings,4.00,"750 ml, $0.53/100ml",cannedFood,No Frills
Sliced Manzanilla Olives,2.00,"375 ml, $0.53/100ml",cannedFood,No Frills
Chicken Broth,1.99,"900 ml, $0.22/100ml",cannedFood,No Frills
"Diced Tomatoes, No Salt Added",2.49,"796 ml, $0.31/100ml",cannedFood,No Frills
"Black Beans, No Salt Added",1.99,"540 ml, $0.37/100ml",cannedFood,No Frills
Cream-Style Corn,1.29,"398 ml, $0.32/100ml",cannedFood,No Frills
Sliced Sun-Dried Tomatoes In Seasoned Oil,5.00,"270 ml, $1.85/100ml",cannedFood,No Frills
Maple Style Beans With Pure Quebec Maple Syrup,1.79,"398 ml, $0.45/100ml",cannedFood,No Frills
Condensed Soup Chicken Noodle,1.59,"284 ml, $0.56/100ml",cannedFood,No Frills
French-Canadian Pea Soup,3.29,"796 ml, $0.41/100ml",cannedFood,No Frills
Sweet Whole Kernel Corn,1.49,"340 g, $0.44/100g",cannedFood,No Frills
"Cream of Mushroom Soup, Less Salt",1.99,"284 ml, $0.70/100ml",cannedFood,No Frills
"Whole Tomatoes, No Salt Added",2.49,"796 ml, $0.31/100ml",cannedFood,No Frills
Butter Chicken Ready to Serve Soup ,3.19,"515 ml, $0.62/100ml",cannedFood,No Frills
Tuna Flakes in Oil,3.79,"180 g, $2.11/100g",cannedFood,No Frills
Bamboo Shoot Strip In Water,2.49,"540 g, $0.46/100g",cannedFood,No Frills
Sweet Whole Kernel Corn,1.49,"340 g, $0.44/100g",cannedFood,No Frills
Beef Ravioli (Case),15.49,"8x425.0 ml, $0.46/100ml",cannedFood,No Frills
Concentrated Beef Broth,1.99,"250 ml, $0.80/100ml",cannedFood,No Frills
Light Tomato Condensed Soup,1.99,"284 ml, $0.70/100ml",cannedFood,No Frills
Salmon Sockeye,5.99,"213 g, $2.81/100g",cannedFood,No Frills
Accents Diced Tomatoes with Green Pepper,2.69,"540 ml, $0.50/100ml",cannedFood,No Frills
Kosher Whole Baby Corn,1.99,"410 g, $0.49/100g",cannedFood,No Frills
Fruit Cocktail in Mixed Fruit Juice from Concentrate,3.49,"796 ml, $0.44/100ml",cannedFood,No Frills
Franco American Turkey Gravy,1.99,"284 ml, $0.70/100ml",cannedFood,No Frills
"Seafood Snacks, Golden Smoked",1.99,"92 g, $2.16/100g",cannedFood,No Frills
No Sugar Added Fruit Salad With Cherries,4.99,"540 ml, $0.92/100ml",cannedFood,No Frills
Sockeye Salmon Wild Red Pacific,4.99,"142 g, $3.51/100g",cannedFood,No Frills
Baby Dill Pickles With Garlic Club Size,6.29,"2 l, $0.31/100ml",cannedFood,No Frills
"Crabmeat, Chunk",7.29,"120 g, $6.08/100g",cannedFood,No Frills
Plant Based Beefless Broth,2.99,"1 l, $0.30/100ml",cannedFood,No Frills
Kosher Israeli Gefilte Fish,8.49,"680 g, $1.25/100g",cannedFood,No Frills
Clingstone Peach Slices in Light Syrup,3.49,"796 ml, $0.44/100ml",cannedFood,No Frills
Smoked Sardines Sprats in Oil,4.99,"250 g, $2.00/100g",cannedFood,No Frills
Sliced White Potatoes,1.49,"540 ml, $0.28/100ml",cannedFood,No Frills
Jellied Cranberry Sauce,5.49,"454 g, $1.21/100g",cannedFood,No Frills
Broken Mandarin Orange Segments in Light Syrup,1.29,"284 ml, $0.45/100ml",cannedFood,No Frills
Crushed Pineapple in Pineapple Juice,1.99,"398 ml, $0.50/100ml",cannedFood,No Frills
"Fruitsations Apple Sauce, Original",3.49,"620 ml, $0.56/100ml",cannedFood,No Frills
Wild Albacore Solid White Tuna,3.49,"170 g, $2.05/100g",cannedFood,No Frills
Traditional Minestrone Soup,3.29,"796 ml, $0.41/100ml",cannedFood,No Frills
Crushed Tomatoes. No Salt Added,2.49,"796 ml, $0.31/100ml",cannedFood,No Frills
Luncheon Meat,3.29,"340 g, $0.97/100g",cannedFood,No Frills
Plant Based Chickenless Broth,2.99,"1 l, $0.30/100ml",cannedFood,No Frills
Kosher In Water Solid Albacore White Tuna,4.99,"170 g, $2.94/100g",cannedFood,No Frills
Pinto Beans,1.29,"540 ml, $0.24/100ml",cannedFood,No Frills
Beef with Vegetables & Barley,1.99,"284 ml, $0.70/100ml",cannedFood,No Frills
Whole Beets,3.49,"425 g, $0.82/100g",cannedFood,No Frills
White Hominy     ,3.99,"822 g, $0.49/100g",cannedFood,No Frills
Tropical Fruit In Water,3.99,"540 ml, $0.74/100ml",cannedFood,No Frills
Solid White Tuna Albacore in Water,3.99,"170 g, $2.35/100g",cannedFood,No Frills
Cherry Tomatoes,2.99,"400 g, $0.75/100g",cannedFood,No Frills
"Cranberry Sauce, Jellied",2.99,"348 ml, $0.86/100ml",cannedFood,No Frills
Wild Pacific Pink Salmon,4.79,"213 g, $2.25/100g",cannedFood,No Frills
Solid Light Tuna in Olive Oil with Italian Chilli,7.99,"3x80.0 g, $3.33/100g",cannedFood,No Frills
Diced Roma Tomatoes,2.69,"796 ml, $0.34/100ml",cannedFood,No Frills
Deep-Browned Beans with Pork & Molasses,1.79,"398 ml, $0.45/100ml",cannedFood,No Frills
Sushi Ginger,3.49,"340 g, $1.03/100g",cannedFood,No Frills
Faba Beans Foul Medamas,1.29,"540 ml, $0.24/100ml",cannedFood,No Frills
Vienna Sausage by Maple Leaf,2.19,"113 g, $1.94/100g",cannedFood,No Frills
Tuna Flakes in Calamansi,4.99,"180 g, $2.77/100g",cannedFood,No Frills
Tuna Salad With Corn & Olive Oil,3.49,"160 g, $2.18/100g",cannedFood,No Frills
Clingstone Peach Slices in Juice From Concentrate,1.99,"398 ml, $0.50/100ml",cannedFood,No Frills
Natural Apple Sauce,5.99,"113 g, $5.30/100g",cannedFood,No Frills
Clingstone Peach Halves in Juice From Concentrate,3.49,"796 ml, $0.44/100ml",cannedFood,No Frills
Concentrated Vegetable Broth,1.99,"250 ml, $0.80/100ml",cannedFood,No Frills
Solid White Tuna Albacore in Water,3.99,"170 g, $2.35/100g",cannedFood,No Frills
Whole Beets,3.49,"425 g, $0.82/100g",cannedFood,No Frills
Faba Beans Foul Medamas,1.29,"540 ml, $0.24/100ml",cannedFood,No Frills
Kosher Organic Beets   ,3.49,"498 g, $0.70/100g",cannedFood,No Frills
Whole Baby Clams,3.29,"142 g, $1.16/100g",cannedFood,No Frills
"Sardine Seafood Snacks, Tomato & Basil Sauce",1.99,"100 g, $1.99/100g",cannedFood,No Frills
Soya Chaap,4.99,"800 g, $0.62/100g",cannedFood,No Frills
Mandarin Oranges In Water,3.99,"540 ml, $0.74/100ml",cannedFood,No Frills
Beef Ravioli,4.49,"1.13 kg, $0.40/100g",cannedFood,No Frills
Whole Water Chestnuts,1.49,"218 ml, $0.68/100ml",cannedFood,No Frills
Mandarin & Orange Segments,1.99,"312 g, $0.64/100g",cannedFood,No Frills
Fruit Cocktail in Mixed Fruit Juice from Concentrate,1.99,"398 ml, $0.50/100ml",cannedFood,No Frills
Rice Vinegar,3.49,"355 ml, $0.98/100ml",cannedFood,No Frills
Coconut Sport in Syrup   ,3.79,"340 g, $1.11/100g",cannedFood,No Frills
No Salt Added Chicken Broth,1.99,"900 ml, $0.22/100ml",cannedFood,No Frills
Baby Dill Pickles ,4.99,"1 l, $0.50/100ml",cannedFood,No Frills
30% Less Sodium Roasted Garlic Chicken Broth,1.99,"900 ml, $0.22/100ml",cannedFood,No Frills
Canned Mushrooms,1.99,"284 ml, $0.70/100ml",cannedFood,No Frills
Pickles Polskie Ogórki Dill,4.49,"1 l, $0.45/100ml",cannedFood,No Frills
Capers,2.50,"100 ml, $2.50/100ml",cannedFood,No Frills
Dill Pickles With Garlic,3.00,"1 l, $0.30/100ml",cannedFood,No Frills
"Olives, Medium, Ripe, Pitted",3.49,"375 ml, $0.93/100ml",cannedFood,No Frills
Medium Pitted Ripe Olives,1.99,"398 ml, $0.50/100ml",cannedFood,No Frills
Spanish Queen Olives,2.00,"375 ml, $0.53/100ml",cannedFood,No Frills
Mushrooms Pieces & Stems,1.25,"284 ml, $0.44/100ml",cannedFood,No Frills
Pickled Hot Banana Pepper Rings,5.49,"750 ml, $0.73/100ml",cannedFood,No Frills
Herbed Chicken with Rice Ready to Serve Soup,2.29,"515 ml, $0.44/100ml",cannedFood,No Frills
Sweet Gherkin Pickles,4.49,"1 l, $0.45/100ml",cannedFood,No Frills
Ramen Broth,2.49,"900 ml, $0.28/100ml",cannedFood,No Frills
Condensed Tomato Soup,0.99,"284 ml, $0.35/100ml",cannedFood,No Frills
Cream of Broccoli Soup,3.29,"540 ml, $0.61/100ml",cannedFood,No Frills
Classic Fully Cooked Luncheon Meat,2.88,"340 g, $0.85/100g",cannedFood,No Frills
Pineapple Chunks in Pineapple Juice,1.99,"398 ml, $0.50/100ml",cannedFood,No Frills
Beefaroni,1.69,"425 g, $0.40/100g",cannedFood,No Frills
Condensed Chicken Noodle Soup,0.99,"284 ml, $0.35/100ml",cannedFood,No Frills
Baked Beans - Maple ,1.99,"398 ml, $0.50/100ml",cannedFood,No Frills
Dynamite Hot Chili With Beans,3.49,"425 g, $0.82/100g",cannedFood,No Frills
Kosher Pickle Spears,7.39,"1 l, $0.74/100ml",cannedFood,No Frills
Garlic Dill Pickles,4.49,"1 l, $0.45/100ml",cannedFood,No Frills
Less Sodium 25% Less Sodium Than Our Regular Luncheon Meat,2.88,"340 g, $0.85/100g",cannedFood,No Frills
Cream of Mushroom Ready to Serve Soup,2.29,"515 ml, $0.44/100ml",cannedFood,No Frills
Cream of Broccoli Soup,3.29,"540 ml, $0.61/100ml",cannedFood,No Frills
Sweet Gherkin Pickles,4.49,"1 l, $0.45/100ml",cannedFood,No Frills
Pickled Chunk Beets,2.79,"750 ml, $0.37/100ml",cannedFood,No Frills
Finely Chopped Tomatoes    ,2.99,"400 g, $0.75/100g",cannedFood,No Frills
Deep-Browned Beans With Tomato Sauce,1.79,"398 ml, $0.45/100ml",cannedFood,No Frills
Sliced Peaches In Water,3.99,"540 ml, $0.74/100ml",cannedFood,No Frills
Light Tuna Chunk in Water,1.99,"170 g, $1.17/100g",cannedFood,No Frills
"Mussels, Smoked",2.29,"85 g, $2.69/100g",cannedFood,No Frills
"Flaked Light Tuna, Sundried Tomato & Basil",1.99,"85 g, $2.34/100g",cannedFood,No Frills
Wild Solid White Albacore Tuna,6.79,"150 g, $4.53/100g",cannedFood,No Frills
Blazin' Roadhouse Chili-Style Ready to Serve Soup,3.19,"515 ml, $0.62/100ml",cannedFood,No Frills
Baby Corn Cut In Brine,2.79,"425 g, $0.66/100g",cannedFood,No Frills
White Kidney Beans,1.49,"540 ml, $0.28/100ml",cannedFood,No Frills
Chunky Vegetable Beef,3.19,"515 ml, $0.62/100ml",cannedFood,No Frills
"Chicken Broth, Reduced Sodium",3.99,"481 g, $0.83/100g",cannedFood,No Frills
Chunky Chicken Vegetable Pot Pie,3.19,"515 ml, $0.62/100ml",cannedFood,No Frills
Potato and Leek Ready-to-Serve Soup,2.99,"500 ml, $0.60/100ml",cannedFood,No Frills
Crushed Pineapple in Pineapple Juice,1.79,"540 ml, $0.33/100ml",cannedFood,No Frills
Mrs. Adler's Pike & White Fish,7.29,"680 g, $1.07/100g",cannedFood,No Frills
"Olives, Hot & Spicy",3.00,"375 ml, $0.80/100ml",cannedFood,No Frills
Peach Slices in Water,1.99,"398 ml, $0.50/100ml",cannedFood,No Frills
Tomatoes,2.49,"796 ml, $0.31/100ml",cannedFood,No Frills
Plant Based Vegetable and Bean Chili,3.49,"400 g, $0.87/100g",cannedFood,No Frills
SwissChalet Sauce Hot Chicken Sandwich Homestyle Gravy,1.99,"284 ml, $0.70/100ml",cannedFood,No Frills
Diced White Potatoes,1.49,"540 ml, $0.28/100ml",cannedFood,No Frills
Whitefish & Pike In Jelled Broth,10.99,"680 g, $1.62/100g",cannedFood,No Frills
"Wild Pacific Sardines, Spring Water",3.99,"120 g, $3.33/100g",cannedFood,No Frills
Spicy Thai Chili Flaked Light Tuna,1.00,"85 g, $1.18/100g",cannedFood,No Frills
Fried Dace With Salted Black Beans,3.29,"184 g, $1.79/100g",cannedFood,No Frills
SwissChalet Sauce Dipping,1.99,"284 ml, $0.70/100ml",cannedFood,No Frills
Young Green Jackfruit In Brine,2.49,"540 g, $0.46/100g",cannedFood,No Frills
"Wild Pink Salmon, No Added Salt",3.99,"160 g, $2.49/100g",cannedFood,No Frills
"Sardines, Tomato Sauce",1.99,"106 g, $1.88/100g",cannedFood,No Frills
Vegetable Broth,1.69,"900 ml, $0.19/100ml",cannedFood,No Frills
White Kidney Beans,1.99,"540 ml, $0.37/100ml",cannedFood,No Frills
Flakes of Turkey by Maple Leaf,2.49,"156 g, $1.60/100g",cannedFood,No Frills
"No Sugar Added, Pear, Halves, in Water",2.99,"398 ml, $0.75/100ml",cannedFood,No Frills
Eggs Pickled,5.99,"225 g, $2.66/100g",cannedFood,No Frills
Purefoods Corned Beef,5.99,"340 g, $1.76/100g",cannedFood,No Frills
"Cream Of Mushroom, Low Fat",1.99,"284 ml, $0.70/100ml",cannedFood,No Frills
Chai Pow Yu,3.29,"285 g, $1.15/100g",cannedFood,No Frills
"Seafood Snacks, Kippered",1.99,"100 g, $1.99/100g",cannedFood,No Frills
"Kosher Light Tuna, Chunk In Water",2.49,"170 g, $1.46/100g",cannedFood,No Frills
Poutine Gravy,1.29,"398 ml, $0.32/100ml",cannedFood,No Frills
"Sardines in Tomato Sauce, Regular",1.19,"155 g, $0.77/100g",cannedFood,No Frills
Chickpeas ,1.29,"540 ml, $0.24/100ml",cannedFood,No Frills
"Sardines, Spring Water",1.99,"106 g, $1.88/100g",cannedFood,No Frills
Wild Skinless Boneless Sockeye Salmon,6.99,"150 g, $4.66/100g",cannedFood,No Frills
Kosher Cut Baby Corn    ,1.99,"410 g, $0.49/100g",cannedFood,No Frills
"Oysters, Smoked",2.29,"85 g, $2.69/100g",cannedFood,No Frills
Blue Menu Turkey Breast Seasoned Chunk,3.49,"142 g, $2.46/100g",cannedFood,No Frills
World of Flavours Thai Chicken Soup,3.00,"540 ml, $0.56/100ml",cannedFood,No Frills
Poutine Gravy,1.29,"398 ml, $0.32/100ml",cannedFood,No Frills
"Sardines, Spring Water",1.99,"106 g, $1.88/100g",cannedFood,No Frills
Wild Skinless Boneless Sockeye Salmon,6.99,"150 g, $4.66/100g",cannedFood,No Frills
Tocino Flavoured,4.49,"340 g, $1.32/100g",cannedFood,No Frills
Chickpeas,1.69,"540 ml, $0.31/100ml",cannedFood,No Frills
Extra Large Faba Beans ,2.49,"540 ml, $0.46/100ml",cannedFood,No Frills
Cream Style Corn,1.69,"398 ml, $0.42/100ml",cannedFood,No Frills
Kosher Hearts Of Palm Whole   ,6.99,"400 g, $1.75/100g",cannedFood,No Frills
Sauerkraut,5.99,"539 g, $1.11/100g",cannedFood,No Frills
"Baby Clams, Whole Yellow In Water",3.49,"142 ml, $2.46/100ml",cannedFood,No Frills
Slow Burn Homestyle Pork Chili With Beans,3.49,"425 g, $0.82/100g",cannedFood,No Frills
Sushi Ginger,1.99,"210 g, $0.95/100g",cannedFood,No Frills
Pear Halves in Light Syrup,3.49,"796 ml, $0.44/100ml",cannedFood,No Frills
Pea Soup with Smoked Ham,3.29,"796 ml, $0.41/100ml",cannedFood,No Frills
Tuna Salad With Quinoa & Olive Oil,3.49,"160 g, $2.18/100g",cannedFood,No Frills
"Sardines, Tomato Sauce",1.99,"106 g, $1.88/100g",cannedFood,No Frills
Crushed Tomatoes,2.49,"400 g, $0.62/100g",cannedFood,No Frills
Premium Diced Tomatoes,2.49,"796 ml, $0.31/100ml",cannedFood,No Frills
Chili Salted Radish Strip,3.99,"369 g, $1.08/100g",cannedFood,No Frills
"Tuna, Solid Light In Olive Oil",7.99,"3x80.0 g, $3.33/100g",cannedFood,No Frills
"Natural Apple Sauce, Unsweetened",4.99,"1.3 kg, $0.38/100g",cannedFood,No Frills
Corned Beef,4.99,"340 g, $1.47/100g",cannedFood,No Frills
Fava Beans,1.49,"540 ml, $0.28/100ml",cannedFood,No Frills
Bean Medley,2.00,"398 ml, $0.50/100ml",cannedFood,No Frills
"Flaked Light Tuna, Thai Chili  ",1.99,"85 g, $2.34/100g",cannedFood,No Frills
"Crabmeat, 15% Leg Meat",4.79,"120 g, $3.99/100g",cannedFood,No Frills
Portuguese Sardines in Hot Sauce,2.79,"120 g, $2.33/100g",cannedFood,No Frills
Fiesta Tropical Mixed Fruit in Heavy Syrup,3.29,"796 ml, $0.41/100ml",cannedFood,No Frills
Miniature Cobs of Corn,1.79,"398 ml, $0.45/100ml",cannedFood,No Frills
Six Bean Blend,1.49,"540 ml, $0.28/100ml",cannedFood,No Frills
Roasted Red Pepper & Tomato,1.99,"284 ml, $0.70/100ml",cannedFood,No Frills
Black-Eyed Peas,1.49,"540 ml, $0.28/100ml",cannedFood,No Frills
Kosher Sweet Gefilte Fish,14.99,"680 g, $2.20/100g",cannedFood,No Frills
Organic Diced Tomatoes,5.49,"796 ml, $0.69/100ml",cannedFood,No Frills
Cooked Ham,5.79,"454 g, $1.28/100g",cannedFood,No Frills
Peach Slices in Juice,2.99,"398 ml, $0.75/100ml",cannedFood,No Frills
Chunky Beef,3.19,"515 ml, $0.62/100ml",cannedFood,No Frills
In Light Fruit Juice Syrup Pineapple Chunks,4.99,"540 ml, $0.92/100ml",cannedFood,No Frills
Pineapple Tidbits in Pineapple Juice,1.79,"540 ml, $0.33/100ml",cannedFood,No Frills
Cream of Chicken Soup,1.99,"284 ml, $0.70/100ml",cannedFood,No Frills
Bean Medley,1.99,"540 ml, $0.37/100ml",cannedFood,No Frills
Chicken Noodle Soup,3.29,"540 ml, $0.61/100ml",cannedFood,No Frills
Fruit Cocktail in Light Syrup,3.49,"796 ml, $0.44/100ml",cannedFood,No Frills
"Kosher Cranberry Sauce, Whole Berry",4.99,"454 g, $1.10/100g",cannedFood,No Frills
Smoked Whole Responsibly Farmed Mussels In Sunflower Oil,1.99,"85 g, $2.34/100g",cannedFood,No Frills
"Matzo Ball Broth, Reduced Sodium",7.29,"680 g, $1.07/100g",cannedFood,No Frills
"Artichoke Hearts, Whole",4.49,"398 ml, $1.13/100ml",cannedFood,No Frills
Spanish Cocktail Olives,2.00,"375 ml, $0.53/100ml",cannedFood,No Frills
No Salt Added Beef Broth,1.99,"900 ml, $0.22/100ml",cannedFood,No Frills
Crunchy Gherkins,7.49,"375 ml, $2.00/100ml",cannedFood,No Frills
Capers,3.29,"125 ml, $2.63/100ml",cannedFood,No Frills
Sweet Horseradish Pickles,7.99,"500 g, $1.60/100g",cannedFood,No Frills
Classic Chicken Noodle Ready to Serve Soup,2.29,"515 ml, $0.44/100ml",cannedFood,No Frills
Condensed Vegetable Soup,0.99,"284 ml, $0.35/100ml",cannedFood,No Frills
Garden Vegetable Minestrone Ready to Serve Soup,2.29,"515 ml, $0.44/100ml",cannedFood,No Frills
"Homestyle Chili, Canned",3.49,"425 g, $0.82/100g",cannedFood,No Frills
Bunslapper Pickles,5.89,"500 ml, $1.18/100ml",cannedFood,No Frills
Cream of Mushroom Soup,3.00,"540 ml, $0.56/100ml",cannedFood,No Frills
Pineapple Slices in Pineapple Juice,1.99,"398 ml, $0.50/100ml",cannedFood,No Frills
Polskie Ogórki Dill Pickles,3.00,"1 l, $0.30/100ml",cannedFood,No Frills
Hearty Chicken Noodle Soup,3.00,"540 ml, $0.56/100ml",cannedFood,No Frills
Beef Ravioli,1.69,"425 g, $0.40/100g",cannedFood,No Frills
Baked Beans - Molasses with Pork,1.99,"398 ml, $0.50/100ml",cannedFood,No Frills
Condensed Cream Of Mushroom Soup,0.99,"284 ml, $0.35/100ml",cannedFood,No Frills
Corned Beef ,2.88,"340 g, $0.85/100g",cannedFood,No Frills
Flakes of Chicken by Maple Leaf,2.49,"156 g, $1.60/100g",cannedFood,No Frills
Southwest Style Chicken With Beans,3.49,"425 g, $0.82/100g",cannedFood,No Frills
Kosher Gefilte Fish,8.49,"680 g, $1.25/100g",cannedFood,No Frills
Kosher Cranberry Sauce,4.99,"454 g, $1.10/100g",cannedFood,No Frills
"Cranberry Sauce, Whole Berry",2.99,"348 ml, $0.86/100ml",cannedFood,No Frills
New York Style Pickled Tomatoes,8.49,"1.125 l, $0.85/100ml",cannedFood,No Frills
Sardines In Soy Oil   ,1.79,"125 g, $1.43/100g",cannedFood,No Frills
Lychee in Syrup,4.49,"530 ml, $0.85/100ml",cannedFood,No Frills
Sun Dried Tomatoes In Oil,10.99,"300 g, $3.66/100g",cannedFood,No Frills
Creamy Chicken Noodle Soup Ready to Serve Soup,3.19,"515 ml, $0.62/100ml",cannedFood,No Frills
Blue Menu Chicken Breast Seasoned Chunk,3.49,"142 g, $2.46/100g",cannedFood,No Frills
Assorted Sizes Cut Wax Beans,1.29,"398 ml, $0.32/100ml",cannedFood,No Frills
"Sardines, Soy Oil",1.99,"106 g, $1.88/100g",cannedFood,No Frills
Whole Miniature Corn,2.49,"425 g, $0.59/100g",cannedFood,No Frills
Seasoned Gourmet Rice Vinegar,3.49,"355 ml, $0.98/100ml",cannedFood,No Frills
"Fruit-n-Sauce, Strawberry",5.99,"113 g, $5.30/100g",cannedFood,No Frills
"Beans, Pork & Molasses",1.79,"398 ml, $0.45/100ml",cannedFood,No Frills
"Wild Solid White Albacore Tuna, No Salt Added",6.79,"150 g, $4.53/100g",cannedFood,No Frills
Mixed Beans,1.69,"540 ml, $0.31/100ml",cannedFood,No Frills
Tomato Basil Flaked Light Tuna,1.00,"85 g, $1.18/100g",cannedFood,No Frills
Green Broad Beans,2.49,"540 ml, $0.46/100ml",cannedFood,No Frills
"Whole Kernel Corn, Peaches & Cream No Salt Added",1.69,"341 ml, $0.50/100ml",cannedFood,No Frills
Whole Hearts Of Palm,3.49,"398 ml, $0.88/100ml",cannedFood,No Frills
Organic Kidney Beans,3.29,"398 ml, $0.83/100ml",cannedFood,No Frills
"Sardines, In Tomato Sauce Chili Added ",1.19,"155 g, $0.77/100g",cannedFood,No Frills
Tuna Salad With Couscous & Olive Oil,3.49,"160 g, $2.18/100g",cannedFood,No Frills
Smoked Whole Responsibly Farmed Oysters In Sunflower Oil,1.99,"85 g, $2.34/100g",cannedFood,No Frills
Slow-Cooked Beans In Tomato Sauce,1.49,"398 ml, $0.37/100ml",cannedFood,No Frills
Seasoned Gourmet Rice Vinegar,3.49,"355 ml, $0.98/100ml",cannedFood,No Frills
"Fruit-n-Sauce, Strawberry",5.99,"113 g, $5.30/100g",cannedFood,No Frills
Organic Kidney Beans,3.29,"398 ml, $0.83/100ml",cannedFood,No Frills
"Sardines, In Tomato Sauce Chili Added ",1.19,"155 g, $0.77/100g",cannedFood,No Frills
Tuna Salad With Couscous & Olive Oil,3.49,"160 g, $2.18/100g",cannedFood,No Frills
"Whole Kernel Corn, Peaches & Cream No Salt Added",1.69,"341 ml, $0.50/100ml",cannedFood,No Frills
Assorted Sizes Cut Wax Beans,1.29,"398 ml, $0.32/100ml",cannedFood,No Frills
Flakes Of Ham,2.49,"156 g, $1.60/100g",cannedFood,No Frills
"Flaked Light Tuna, Dill & Lemon",1.99,"85 g, $2.34/100g",cannedFood,No Frills
"Organic Mushrooms, Pieces & Stems",1.49,"284 ml, $0.52/100ml",cannedFood,No Frills
Condensed Soup Cream Of Celery,1.25,"284 ml, $0.44/100ml",cannedFood,No Frills
Mackerel In Water With Salt,7.79,"425 g, $1.83/100g",cannedFood,No Frills
Chicken Broth,1.99,"900 ml, $0.22/100ml",cannedFood,No Frills
Sliced Carrots,1.29,"398 ml, $0.32/100ml",cannedFood,No Frills
Beef Stew,2.89,"410 g, $0.70/100g",cannedFood,No Frills
Small Red Beans,1.29,"540 ml, $0.24/100ml",cannedFood,No Frills
"Cream of Chicken Soup, Low Fat",1.99,"284 ml, $0.70/100ml",cannedFood,No Frills
Smoked Whole Responsibly Farmed Oysters In Sunflower Oil,1.99,"85 g, $2.34/100g",cannedFood,No Frills
Blaturtle Beans     ,1.29,"540 ml, $0.24/100ml",cannedFood,No Frills
White Kidney Beans,1.29,"540 ml, $0.24/100ml",cannedFood,No Frills
"Cream of Mushroom Condensed Soup, Reduced Fat",1.25,"284 ml, $0.44/100ml",cannedFood,No Frills
Diced Tomatoes,1.99,"796 ml, $0.25/100ml",cannedFood,No Frills
Sliced Water Chestnuts,1.49,"218 ml, $0.68/100ml",cannedFood,No Frills
Bean with Bacon,1.99,"284 ml, $0.70/100ml",cannedFood,No Frills
Sardines Boneless Fillets Olive Oil,2.79,"106 g, $2.63/100g",cannedFood,No Frills
Crushed Tomatoes,2.49,"796 ml, $0.31/100ml",cannedFood,No Frills
Cooked Canned Ham,6.49,"454 g, $1.43/100g",cannedFood,No Frills
Flaked White Tuna,3.99,"170 g, $2.35/100g",cannedFood,No Frills
Beans with Pork in Tomato Sauce,1.49,"398 ml, $0.37/100ml",cannedFood,No Frills
Quail Eggs In Water,4.99,"425 g, $1.17/100g",cannedFood,No Frills
Sweetened Apple Sauce,3.00,"620 ml, $0.48/100ml",cannedFood,No Frills
Wild Pacific Pink Salmon   ,4.49,"213 g, $2.11/100g",cannedFood,No Frills
"Kosher Chunk Light Tuna, In Water",2.99,"170 g, $1.76/100g",cannedFood,No Frills
Peas & Carrots,1.29,"398 ml, $0.32/100ml",cannedFood,No Frills
Flakes of Turkey,2.29,"142 g, $1.47/100g",cannedFood,No Frills
Fruit Cocktail In Water,1.99,"398 ml, $0.50/100ml",cannedFood,No Frills
"Kosher Chunk Light Tuna, In Oil",2.49,"170 g, $1.46/100g",cannedFood,No Frills
Accents Tomatoes Garlic Oil,2.69,"540 ml, $0.50/100ml",cannedFood,No Frills
Tomatoes Accents Italian,2.69,"540 ml, $0.50/100ml",cannedFood,No Frills
Homestyle Chicken Noodle Condensed Soup,1.99,"284 ml, $0.70/100ml",cannedFood,No Frills
Sustainably Sourced Wild Pacific Pink Salmon,3.49,"213 g, $1.64/100g",cannedFood,No Frills
"Wild Pacific Sardines, Tomato Sauce",3.99,"120 g, $3.33/100g",cannedFood,No Frills
Salmon Sockeye,5.99,"170 g, $3.52/100g",cannedFood,No Frills
Organic Pinto Beans,3.29,"398 ml, $0.83/100ml",cannedFood,No Frills
Sweet and Tender Small Peas,1.49,"284 ml, $0.52/100ml",cannedFood,No Frills
Sliced Water Chestnuts,0.89,"227 ml, $0.39/100ml",cannedFood,No Frills
Diced Tomatoes in Puree No Salt Added,2.49,"796 ml, $0.31/100ml",cannedFood,No Frills
"Kosher Chunk Light Tuna, In Water",2.99,"170 g, $1.76/100g",cannedFood,No Frills
Spaghetti in Tomato Sauce with Cheese,1.79,"398 ml, $0.45/100ml",cannedFood,No Frills
Kosher Solid White Albacore Tuna,3.99,"170 g, $2.35/100g",cannedFood,No Frills
Salmon Sockeye,5.99,"170 g, $3.52/100g",cannedFood,No Frills
Sustainably Sourced Wild Pacific Pink Salmon,3.49,"213 g, $1.64/100g",cannedFood,No Frills
Pink Salmon Wild Pacific,3.49,"142 g, $2.46/100g",cannedFood,No Frills
Sliced Carrots,2.49,"411 g, $0.61/100g",cannedFood,No Frills
Special Pork Village Pate,2.79,"130 g, $2.15/100g",cannedFood,No Frills
Vegetable Broth,1.99,"900 ml, $0.22/100ml",cannedFood,No Frills
No Salt Added Vegetable Broth,1.99,"900 ml, $0.22/100ml",cannedFood,No Frills
50% Less Salt Garlic Dill Pickles,4.49,"1 l, $0.45/100ml",cannedFood,No Frills
Whole Artichoke Hearts,3.00,"398 ml, $0.75/100ml",cannedFood,No Frills
Dill Chips Pickles ,3.00,"1 l, $0.30/100ml",cannedFood,No Frills
Dill Pickles,3.00,"1 l, $0.30/100ml",cannedFood,No Frills
50% Less Salt Garlic Baby Dill Pickles,4.49,"1 l, $0.45/100ml",cannedFood,No Frills
No Garlic Dill Pickles,4.49,"1 l, $0.45/100ml",cannedFood,No Frills
Extra Large Pitted Ripe Olives,1.99,"398 ml, $0.50/100ml",cannedFood,No Frills
Bread & Butter Sweet Pickles,4.99,"1 l, $0.50/100ml",cannedFood,No Frills
Tangy No Garlic Baby Dill Pickles,4.49,"1 l, $0.45/100ml",cannedFood,No Frills
Baby Dill Pickles With Garlic,4.99,"1 l, $0.50/100ml",cannedFood,No Frills
"Kalamata Olives, Greek",3.79,"375 ml, $1.01/100ml",cannedFood,No Frills
Italian Wedding Ready to Serve Soup ,2.29,"515 ml, $0.44/100ml",cannedFood,No Frills
Classique Chili With Beans,3.49,"425 g, $0.82/100g",cannedFood,No Frills
New England Clam Chowder Ready to Serve Soup,2.29,"515 ml, $0.44/100ml",cannedFood,No Frills
Sweet Mix Pickles,4.49,"1 l, $0.45/100ml",cannedFood,No Frills
Chicken and Rice Soup,3.29,"540 ml, $0.61/100ml",cannedFood,No Frills
Ready To Serve Soup Broccoli Cheese,2.29,"515 ml, $0.44/100ml",cannedFood,No Frills
Homestyle Baked Beans,1.99,"398 ml, $0.50/100ml",cannedFood,No Frills
Garlic Dills,5.99,"500 ml, $1.20/100ml",cannedFood,No Frills
Kosher Pickle Halves,7.39,"1 l, $0.74/100ml",cannedFood,No Frills
Garden Style Vegetable Soup,3.29,"796 ml, $0.41/100ml",cannedFood,No Frills
Ready To Serve Soup Potato Bacon,3.29,"540 ml, $0.61/100ml",cannedFood,No Frills
Mandarin & Orange Broken Segments,1.99,"312 g, $0.64/100g",cannedFood,No Frills
Ready to Serve Chicken Broth ,1.39,"412 ml, $0.34/100ml",cannedFood,No Frills
Chunky Ready To Serve Soup Creamy Thai Chicken And Rice,3.19,"515 ml, $0.62/100ml",cannedFood,No Frills
"Olives, Medium, Whole, Ripe",1.99,"398 ml, $0.50/100ml",cannedFood,No Frills
Chickpeas,2.00,"398 ml, $0.50/100ml",cannedFood,No Frills
Black Beans,2.00,"398 ml, $0.50/100ml",cannedFood,No Frills
Jackfruit In Syrup,2.99,"565 ml, $0.53/100ml",cannedFood,No Frills
Mango Slice In Light Syrup ,2.49,"425 g, $0.59/100g",cannedFood,No Frills
Sardine Filets,1.99,"100 g, $1.99/100g",cannedFood,No Frills
Cooked Ham ,2.88,"340 g, $0.85/100g",cannedFood,No Frills
Tomato and Roasted Red Pepper Ready-to-Serve Soup,2.99,"500 ml, $0.60/100ml",cannedFood,No Frills
"Organic Diced Tomatoes, Fire Roasted",5.49,"796 ml, $0.69/100ml",cannedFood,No Frills
Chunky® Spicy Chicken Noodle,3.19,"515 ml, $0.62/100ml",cannedFood,No Frills
Beans in Tomato Sauce,1.49,"398 ml, $0.37/100ml",cannedFood,No Frills
Kosher Tuna Chunk Lite In Oil  ,2.99,"170 g, $1.76/100g",cannedFood,No Frills
Kosher Solid Tuna In Water,3.99,"170 g, $2.35/100g",cannedFood,No Frills
Ready to Serve Chicken Broth ,1.39,"412 ml, $0.34/100ml",cannedFood,No Frills
Cooked Ham ,2.88,"340 g, $0.85/100g",cannedFood,No Frills
Tomato and Roasted Red Pepper Ready-to-Serve Soup,2.99,"500 ml, $0.60/100ml",cannedFood,No Frills
Ready To Serve Soup Butternut Squash,3.29,"540 ml, $6.09/100ml",cannedFood,No Frills
Pear Halves In Water,3.99,"540 ml, $0.74/100ml",cannedFood,No Frills
Wild Skinless Boneless Pink Salmon,5.99,"150 g, $3.99/100g",cannedFood,No Frills
Summer Sweet Peas,2.19,"398 ml, $0.55/100ml",cannedFood,No Frills
"Kosher Gefilte Fish, Original",8.99,"680 g, $1.32/100g",cannedFood,No Frills
Whole Plum Tomatoes,1.79,"796 ml, $0.22/100ml",cannedFood,No Frills
San Marzano Type Tomatoes,2.49,"796 ml, $0.31/100ml",cannedFood,No Frills
Butternut Squash and Garlic Ready-to-Serve Soup,2.99,"500 ml, $0.60/100ml",cannedFood,No Frills
Pitted Black Olives,6.29,"560 g, $1.12/100g",cannedFood,No Frills
Pink Salmon,4.79,"150 g, $3.19/100g",cannedFood,No Frills
Small White Navy Beans,1.29,"540 ml, $0.24/100ml",cannedFood,No Frills
King Hot Peppers,3.99,"670 g, $0.60/100g",cannedFood,No Frills
Kosher No Salt Gefilte Fish,7.29,"680 g, $1.07/100g",cannedFood,No Frills
"Kosher Gefilte Fish, Sweet",8.99,"680 g, $1.32/100g",cannedFood,No Frills
Everyday Gourmet Roasted Potato and Spring Leek,3.69,"500 ml, $0.74/100ml",cannedFood,No Frills
Whole Tomatoes,1.79,"796 ml, $0.22/100ml",cannedFood,No Frills
Apple Sauce Cups,7.29,"678 ml, $1.07/100g",cannedFood,No Frills
Cut Green Beans,2.19,"398 ml, $0.55/100ml",cannedFood,No Frills
"Beef Ravioli, Overstuffed",1.69,"425 g, $0.40/100g",cannedFood,No Frills
Mandarin Orange Segments in Fruit Juice From Concentrate,3.79,"540 ml, $0.70/100ml",cannedFood,No Frills
Whole Cranberry Sauce,5.49,"454 g, $1.21/100g",cannedFood,No Frills
Tuna,3.79,"180 g, $2.11/100g",cannedFood,No Frills
Young Green Jackfruit,1.99,"565 g, $0.35/100g",cannedFood,No Frills
Chickpea And Faba Bean Mix  ,1.29,"540 ml, $0.24/100ml",cannedFood,No Frills
"Peas, Assorted Sizes ",1.29,"398 ml, $0.32/100ml",cannedFood,No Frills
"Mrs. Adler's Gefilte Fish, No Sugar Added",7.29,"680 g, $1.07/100g",cannedFood,No Frills
Clingstone Peach Halves in Juice From Concentrate,1.99,"398 ml, $0.50/100ml",cannedFood,No Frills
Wild Albacore Solid White Tuna,3.49,"170 g, $2.05/100g",cannedFood,No Frills
Sliced Pineapple in Pineapple Juice,1.79,"540 ml, $0.33/100ml",cannedFood,No Frills
Cocktail Shrimp,4.49,"106 g, $4.24/100g",cannedFood,No Frills
Whole Kernel Corn,1.29,"341 ml, $0.38/100ml",cannedFood,No Frills
Chunky Corned Beef,5.99,"326 g, $1.84/100g",cannedFood,No Frills
Kosher Chunk Light Tuna in Water,2.49,"170 g, $1.46/100g",cannedFood,No Frills
Beef Broth Condensed,1.25,"284 ml, $0.44/100ml",cannedFood,No Frills
Whole Water Chestnuts,0.89,"227 ml, $0.39/100ml",cannedFood,No Frills
Mackerel In Tomato Sauce,7.79,"425 g, $1.83/100g",cannedFood,No Frills
Kosher Solid Tuna In Water,3.99,"170 g, $2.35/100g",cannedFood,No Frills
"Sardines, Hot Peppers",1.99,"106 g, $1.88/100g",cannedFood,No Frills
"Seafood Snacks, Louisiana Hot Sauce",1.99,"100 g, $1.99/100g",cannedFood,No Frills
Maple-Style Beans ,1.49,"398 ml, $0.37/100ml",cannedFood,No Frills
Boneless & Skinless Sustainably Sourced Wild Pacific Sockeye Salmon ,5.99,"170 g, $3.52/100g",cannedFood,No Frills
Concentrated Chicken Broth,1.99,"250 ml, $0.80/100ml",cannedFood,No Frills
Pork Luncheon Meat,4.49,"340 g, $1.32/100g",cannedFood,No Frills
Lentils,1.49,"540 ml, $0.28/100ml",cannedFood,No Frills
Matzo Ball in Broth,7.29,"680 g, $1.07/100g",cannedFood,No Frills
Beans with Pork and Molasses,1.49,"398 ml, $0.37/100ml",cannedFood,No Frills
Franco American Beef Gravy,1.99,"284 ml, $0.70/100ml",cannedFood,No Frills
Kosher Beets Vacuum Pared    ,2.79,"498 g, $0.56/100g",cannedFood,No Frills
Whole White Potatoes,1.49,"540 ml, $0.28/100ml",cannedFood,No Frills
Beans Navy,1.49,"540 ml, $0.28/100ml",cannedFood,No Frills
Pear Halves in Fruit Juice from Concentrate,1.99,"398 ml, $0.50/100ml",cannedFood,No Frills
Sardines in Tomato Sauce,0.99,"155 g, $0.64/100g",cannedFood,No Frills
Mini Ravioli (Case),15.49,"8x425.0 ml, $0.46/100ml",cannedFood,No Frills
Assorted Sizes Cut Green Beans,1.29,"398 ml, $0.32/100ml",cannedFood,No Frills
Peeled Whole Tomatoes,2.99,"400 g, $0.75/100g",cannedFood,No Frills
Zoodles Animal Shaped Pasta With Tomato Sauce,1.79,"398 ml, $0.45/100ml",cannedFood,No Frills
Romano Beans,1.49,"540 ml, $0.28/100ml",cannedFood,No Frills
Calabrian Chili Peppers In Oil,8.99,"260 g, $3.46/100g",cannedFood,No Frills
Citrus Pepper Flaked Light Tuna,1.00,"85 g, $1.18/100g",cannedFood,No Frills
Palm Liver Spread,3.79,"227 g, $1.67/100g",cannedFood,No Frills
Kosher Whole Kernel Sweet Corn ,1.99,"410 g, $0.49/100g",cannedFood,No Frills
Peach Halves in Juice Fruit Juice,2.99,"398 ml, $0.75/100ml",cannedFood,No Frills
Chunky Mixed Fruit in Juice From Concentrate,3.49,"796 ml, $0.44/100ml",cannedFood,No Frills
Chunky Chicken Corn Chowder,3.19,"515 ml, $0.62/100ml",cannedFood,No Frills
Sliced Mushrooms,3.99,"226 g, $1.77/100g",cannedFood,No Frills
Bread & Butter Deli Sliced Sweet Pickles,2.99,"500 ml, $0.60/100ml",cannedFood,No Frills
"Pickled Beans, Hot & Spicy",5.99,"500 ml, $1.20/100ml",cannedFood,No Frills
"Black Olives, Sliced",3.49,"375 ml, $0.93/100ml",cannedFood,No Frills
Hot & Zesty Deli Sliced Pickles,2.99,"500 ml, $0.60/100ml",cannedFood,No Frills
Mammoth Stuffed Queen Olives,6.49,"750 ml, $0.87/100ml",cannedFood,No Frills
Zesty Garlic Deli Sliced Dill Pickles,2.99,"500 ml, $0.60/100ml",cannedFood,No Frills
Marinated Quartered Artichoke Hearts,2.00,"170 ml, $1.18/100ml",cannedFood,No Frills
Sweet Gherkins Pickles ,2.99,"375 ml, $0.80/100ml",cannedFood,No Frills
Wine Sauerkraut,5.00,"1 l, $0.50/100ml",cannedFood,No Frills
"Tuna Salad Kit, Classic",2.29,"90 g, $2.54/100g",cannedFood,No Frills
Beef Broth,1.99,"900 ml, $0.22/100ml",cannedFood,No Frills
Pickled Hot Banana Pepper Rings,9.99,"2 l, $0.50/100ml",cannedFood,No Frills
New England-Style Clam Chowder,3.00,"540 ml, $0.56/100ml",cannedFood,No Frills
Peperoncini Pepper,3.00,"750 ml, $0.40/100ml",cannedFood,No Frills
Pepper Rings Pickled Hot   ,3.00,"750 ml, $0.40/100ml",cannedFood,No Frills
Sun-Dried Tomatoes in Seasoned Oil,5.00,"270 ml, $1.85/100ml",cannedFood,No Frills
Original Baked Beans,1.99,"398 ml, $0.50/100ml",cannedFood,No Frills
30% Less Sodium Chicken Broth,1.99,"900 ml, $0.22/100ml",cannedFood,No Frills
Whole Mushrooms,1.25,"284 ml, $0.44/100ml",cannedFood,No Frills
30% Less Sodium Beef Broth,1.99,"900 ml, $0.22/100ml",cannedFood,No Frills
Chili Bamboo Shoot Strip,3.99,"340 g, $1.17/100g",cannedFood,No Frills
Chickpeas,1.99,"796 ml, $0.25/100ml",cannedFood,No Frills
Dark Red Kidney Beans,1.69,"540 ml, $0.31/100ml",cannedFood,No Frills
Sardines In Tomato Sauce,1.19,"155 g, $0.77/100g",cannedFood,No Frills
Chunky Baked Potato with Bacon,3.19,"515 ml, $0.62/100ml",cannedFood,No Frills
"Cream of Mushroom, No Salt Added",1.99,"284 ml, $0.70/100ml",cannedFood,No Frills
Chunky Corned Beef,5.49,"340 g, $1.61/100g",cannedFood,No Frills
Mandarin Orange in Light Syrup,1.29,"284 ml, $0.45/100ml",cannedFood,No Frills
Sliced Water Chestnuts,2.29,"227 ml, $1.01/100ml",cannedFood,No Frills
White Kidney Beans,1.79,"540 ml, $0.33/100ml",cannedFood,No Frills
Spicy Tuna with Hot Pepper Sauce & Vegetables,3.99,"150 g, $2.66/100g",cannedFood,No Frills
Pinto Beans,1.99,"540 ml, $0.37/100ml",cannedFood,No Frills
Salad Bar Mixed Beans,1.29,"540 ml, $0.24/100ml",cannedFood,No Frills
Kosher Cut Hearts Of Palm,2.49,"400 ml, $0.62/100ml",cannedFood,No Frills
Cream Style Corn,2.29,"398 ml, $0.58/100ml",cannedFood,No Frills
French Style Green Beans,2.19,"398 ml, $0.55/100ml",cannedFood,No Frills
Marinated Mixed Bean Salad,1.99,"540 ml, $0.37/100ml",cannedFood,No Frills
Insalatissime Light Tuna Salad Lentils,3.99,"160 g, $2.49/100g",cannedFood,No Frills
Beef Broth,1.99,"900 ml, $0.22/100ml",cannedFood,No Frills
Cultivated Hearts Of Whole Palm,5.99,"400 g, $1.50/100g",cannedFood,No Frills
Solid White Tuna,3.99,"170 g, $2.35/100g",cannedFood,No Frills
"Fruit Cocktail, Water Packed No Sugar Added",2.99,"398 ml, $0.75/100ml",cannedFood,No Frills
Light Classic Chicken Noodle Ready to Serve Soup,2.29,"515 ml, $0.44/100ml",cannedFood,No Frills
Gefilte Fish Jelly,14.99,"88 ml, $17.03/100ml",cannedFood,No Frills
"Chick Peas, No Salt Added",1.99,"540 ml, $0.37/100ml",cannedFood,No Frills
"Cream of Broccoli Soup, Low Fat",1.99,"284 ml, $0.70/100ml",cannedFood,No Frills
Assorted Sizes Peas,1.49,"284 ml, $0.52/100ml",cannedFood,No Frills
"Broth, Chicken",1.99,"284 ml, $0.70/100ml",cannedFood,No Frills
Flakes of Ham,2.29,"156 g, $1.47/100g",cannedFood,No Frills
Chunky Chicken A La King,3.19,"515 ml, $0.62/100ml",cannedFood,No Frills
Fried Pacific Mackerel With Salted Black Beans ,2.69,"227 g, $1.19/100g",cannedFood,No Frills
Mushrooms Stems & Pieces,3.79,"227 g, $1.67/100g",cannedFood,No Frills
Blue Mackerel Chunks in Tomato Sauce,2.99,"230 g, $1.30/100g",cannedFood,No Frills
Blue Menu Sliced Mushrooms,1.49,"284 ml, $0.52/100ml",cannedFood,No Frills
Lychee in Syrup,2.79,"540 ml, $0.52/100ml",cannedFood,No Frills
"Cream of Chicken, No Salt Added",1.99,"284 ml, $0.70/100ml",cannedFood,No Frills
Insalatissime Light Tuna Salad Chickpeas,3.99,"160 g, $2.49/100g",cannedFood,No Frills
"Flaked Light Tuna, In Water",1.99,"170 g, $1.17/100g",cannedFood,No Frills
Condensed Cream of Chicken Soup,1.25,"284 ml, $0.44/100ml",cannedFood,No Frills
Irish Stew,2.89,"410 g, $0.70/100g",cannedFood,No Frills
Whole Mushrooms,3.99,"227 g, $1.76/100g",cannedFood,No Frills
Condensed Beef Consommé ,1.25,"284 ml, $0.44/100ml",cannedFood,No Frills
Chunky Chicken with Rice,3.19,"515 ml, $0.62/100ml",cannedFood,No Frills
"Flaked Light Tuna, Spicy Thai Chili",1.99,"85 g, $2.34/100g",cannedFood,No Frills
Sliced Stewed Tomatoes,1.79,"796 ml, $0.22/100ml",cannedFood,No Frills
Fruit Salad in Fruit Juice from Concentrate,3.79,"540 ml, $0.70/100ml",cannedFood,No Frills
Reduced Sodium Beef Broth,1.69,"900 ml, $0.19/100ml",cannedFood,No Frills
Mrs. Adlers Old Jerusalem Gefilte Fish,7.29,"680 g, $1.07/100g",cannedFood,No Frills
Chicken Broth Condensed,1.25,"284 ml, $0.44/100ml",cannedFood,No Frills
Diced Tomatoes,2.99,"400 g, $0.75/100g",cannedFood,No Frills
Sardine Filets Spring Water,1.99,"100 g, $1.99/100g",cannedFood,No Frills
"Diced Tomatoes, Original",2.59,"283 g, $0.91/100g",cannedFood,No Frills
Mixed Fruit with Cherries in Light Syrup,3.49,"796 ml, $0.44/100ml",cannedFood,No Frills
Clingstone Peach Slices in Juice from Concentrate,3.49,"796 ml, $0.44/100ml",cannedFood,No Frills
Whole Tomatoes,1.99,"796 ml, $0.25/100ml",cannedFood,No Frills
Texas-Style BBQ Beef Ready to Serve Soup,3.19,"515 ml, $0.62/100ml",cannedFood,No Frills
Whole Tomatoes,1.99,"796 ml, $0.25/100ml",cannedFood,No Frills
Clingstone Peach Slices in Juice from Concentrate,3.49,"796 ml, $0.44/100ml",cannedFood,No Frills
Mixed Fruit with Cherries in Light Syrup,3.49,"796 ml, $0.44/100ml",cannedFood,No Frills
"Diced Tomatoes, Original",2.59,"283 g, $0.91/100g",cannedFood,No Frills
Apricot Halves in Light Syrup,1.99,"398 ml, $0.50/100ml",cannedFood,No Frills
"Tuna With Rice Crackers, Lemon & Pepper",2.99,"96 g, $3.11/100g",cannedFood,No Frills
Chunky New England Clam Chowder,3.19,"515 ml, $0.62/100ml",cannedFood,No Frills
Mackerel in Olive Oil,3.49,"115 g, $3.03/100g",cannedFood,No Frills
Flaked Light Tuna In Olive Oil,7.49,"240 g, $3.12/100g",cannedFood,No Frills
Lentils,1.69,"540 ml, $0.31/100ml",cannedFood,No Frills
Texas-Style BBQ Beef Ready to Serve Soup,3.19,"515 ml, $0.62/100ml",cannedFood,No Frills
"Flakes of Ham, Less Salt by Maple Leaf",2.49,"156 g, $1.60/100g",cannedFood,No Frills
Luncheon Meat,3.29,"340 g, $0.97/100g",cannedFood,No Frills
Sour Pitted Cherries,10.99,"425 g, $2.59/100g",cannedFood,No Frills
Coconut Gel,2.49,"340 g, $0.73/100g",cannedFood,No Frills
Chunky Chicken with Noodles ,3.19,"515 ml, $0.62/100ml",cannedFood,No Frills
"Flaked Light Tuna, Lemon & Pepper",1.99,"85 g, $2.34/100g",cannedFood,No Frills
Chunky® Spicy Chicken & Sausage Gumbo,3.19,"515 ml, $0.62/100ml",cannedFood,No Frills
Romano Beans,1.99,"540 ml, $0.37/100ml",cannedFood,No Frills
Tuna-Style Flakes In Oil,3.49,"100 g, $3.49/100g",cannedFood,No Frills
"Diced Tomatoes, Mild",2.59,"283 g, $0.92/100g",cannedFood,No Frills
Blue Menu Six Bean Medley,1.79,"540 ml, $0.33/100ml",cannedFood,No Frills
Chunky Prime Rib & Vegetable,3.19,"515 ml, $0.62/100ml",cannedFood,No Frills
Tomatoes Accents Chili ,2.69,"540 ml, $0.50/100ml",cannedFood,No Frills
Green Olive Rings,5.99,"560 g, $1.07/100g",cannedFood,No Frills
Kosher Mrs. Adler's Gefilte Fish,7.29,"680 g, $1.07/100g",cannedFood,No Frills
Village Pork Pate with Paprika,2.79,"130 g, $2.15/100g",cannedFood,No Frills
Insalatissime Rice and Light Tuna Salad Spicy ,3.99,"160 g, $2.49/100g",cannedFood,No Frills
Deep-Browned Beans with Pork & Tomato Sauce,1.79,"398 ml, $0.45/100ml",cannedFood,No Frills
Diced Tomatoes,6.99,"688 g, $1.02/100g",cannedFood,No Frills
Sardines In Tomato Sauce,1.19,"155 g, $0.77/100g",cannedFood,No Frills
Gefilte Fish White & Pike  ,9.99,"680 g, $1.47/100g",cannedFood,No Frills
Slow Cooked Beans with Pork and Molasses,1.49,"398 ml, $0.37/100ml",cannedFood,No Frills
Alphonso Mango Pulp,4.49,"850 g, $0.53/100g",cannedFood,No Frills
Pink Salmon Skinless Boneless,4.49,"120 g, $3.74/100g",cannedFood,No Frills
30% Less Sodium Beef Broth with Red Wine,1.99,"900 ml, $0.22/100ml",cannedFood,No Frills
Baby Dill Pickles With Garlic,4.99,"1 l, $0.50/100ml",cannedFood,No Frills
Colossal Stuffed Queen Olives,4.49,"500 ml, $0.90/100ml",cannedFood,No Frills
Mushroom Broth,1.99,"900 ml, $0.22/100ml",cannedFood,No Frills
No Sugar Added Fruit Cocktail,4.99,"796 ml, $0.63/100ml",cannedFood,No Frills
Sandwich Savers Extra Garlic Pickles,4.79,"500 ml, $0.96/100ml",cannedFood,No Frills
Baby Dill Pickles ,3.00,"1 l, $0.30/100ml",cannedFood,No Frills
Ultimate Garlic Baby Dill Pickles,4.49,"1 l, $0.45/100ml",cannedFood,No Frills
Dill Pickles With Garlic,6.29,"2 l, $0.31/100ml",cannedFood,No Frills
Yum Yum Sweet Pickles,4.49,"1 l, $0.45/100ml",cannedFood,No Frills
Tom Yum Broth,2.49,"900 ml, $0.28/100ml",cannedFood,No Frills
Mini Crunch'ems Garlic Rush Pickles,4.79,"500 ml, $0.96/100ml",cannedFood,No Frills
Tuna In Olive Oil Lemon and Pepper,7.99,"240 g, $3.33/100g",cannedFood,No Frills
Dill Pickles With Garlic,6.29,"2 l, $0.31/100ml",cannedFood,No Frills
Mushroom Broth,1.99,"900 ml, $0.22/100ml",cannedFood,No Frills
Tuna In Olive Oil Lemon and Pepper,7.99,"240 g, $3.33/100g",cannedFood,No Frills
30% Less Sodium Beef Broth with Red Wine,1.99,"900 ml, $0.22/100ml",cannedFood,No Frills
Mini Crunch'ems Garlic Rush Pickles,4.79,"500 ml, $0.96/100ml",cannedFood,No Frills
Pink Salmon Skinless Boneless,4.49,"120 g, $3.74/100g",cannedFood,No Frills
Garlic Hamburger Slices Pickles,4.49,"1 l, $0.45/100ml",cannedFood,No Frills
Yum Yum Sweet Pickles,4.49,"1 l, $0.45/100ml",cannedFood,No Frills
Whole Sweet Red Peppers,3.00,"300 ml, $1.05/100ml",cannedFood,No Frills
Kosher Whole Pickles,6.99,"1 l, $0.70/100ml",cannedFood,No Frills
"Everyday Gourmet, Tomato Basil Bisque",3.69,"500 ml, $0.74/100ml",cannedFood,No Frills
"Mini, Beef Ravioli",1.69,"425 g, $0.40/100g",cannedFood,No Frills
Pho Broth,2.49,"900 ml, $0.28/100ml",cannedFood,No Frills
Spaghetti & Meatballs,1.69,"418 g, $0.40/100g",cannedFood,No Frills
Tom Yum Broth,2.49,"900 ml, $0.28/100ml",cannedFood,No Frills
Spicy Chili,3.49,"425 g, $0.82/100g",cannedFood,No Frills
Creamy Tomato Ready to Serve Soup,2.29,"515 ml, $0.44/100ml",cannedFood,No Frills
Rich & Chunky Beef Soup,2.49,"540 ml, $0.46/100ml",cannedFood,No Frills
Insalatissime Cous Cous with Tuna,3.99,"160 g, $2.49/100g",cannedFood,No Frills
Flakes of Ham by Maple Leaf,2.49,"156 g, $1.60/100g",cannedFood,No Frills
Hearty Vegetable Beef Ready to Serve Soup,2.29,"515 ml, $0.44/100ml",cannedFood,No Frills
Canned Luncheon Meat    ,2.49,"340 g, $0.73/100g",cannedFood,No Frills
Ready To Serve Soup Creamy Field Mushroom,3.29,"540 ml, $6.09/100ml",cannedFood,No Frills
Can Corned Beef,8.49,"340 g, $2.50/100g",cannedFood,No Frills
"Sardines in Tomato Sauce, Hot",1.19,"155 g, $0.77/100g",cannedFood,No Frills
Silverado Beef Chili With Beans,3.49,"425 g, $0.82/100g",cannedFood,No Frills
Pulp Free Orange Juice,5.99,"2.5 l, $0.24/100ml",juice,No Frills
Pulp Free Orange Juice,4.49,"1.54 l, $0.29/100ml",juice,No Frills
Orange Juice with Pulp,5.99,"2.5 l, $0.24/100ml",juice,No Frills
Pure Premium Orange Juice (Pulp Free),7.49,"2.63 l, $0.28/100ml",juice,No Frills
Original Lemonade,2.99,"1.89 l, $0.16/100ml",juice,No Frills
"Pulp Free Orange Juice, Bottle",4.99,"1.54 l, $0.32/100ml",juice,No Frills
Pomegranate Lemonade,2.99,"1.89 l, $0.16/100ml",juice,No Frills
Mango Nectar,2.00,"960 ml, $0.21/100ml",juice,No Frills
Orange Juice No Pulp ,5.79,"1.54 l, $0.38/100ml",juice,No Frills
 Original Lemonade,3.49,"1.54 l, $0.23/100ml",juice,No Frills
Single Strength Lemon Juice,1.00,"125 ml, $0.80/100ml",juice,No Frills
Blue Menu Pulp Free Orange Juice,5.99,"2.5 l, $0.24/100ml",juice,No Frills
Strawberry Passion Awareness Fruit Beverage,2.29,"1.75 l, $0.13/100ml",juice,No Frills
Pure Apple Juice Low Acid,1.49,"1 l, $0.15/100ml",juice,No Frills
Orange Pure Breakfast Juice,2.00,"960 ml, $0.21/100ml",juice,No Frills
Strawberry Lemonade,3.49,"1.54 l, $0.23/100ml",juice,No Frills
"Clamato, Original",3.99,"1.89 l, $0.21/100ml",juice,No Frills
Apple Juice,2.00,"960 ml, $0.21/100ml",juice,No Frills
Single Strength Lemon Juice,3.49,"945 ml, $0.37/100ml",juice,No Frills
100% Pineapple Juice,2.00,"1 l, $0.20/100ml",juice,No Frills
Mango Lemonade,2.99,"1.89 l, $0.16/100ml",juice,No Frills
Tropical Passion Fruit Juice,2.00,"960 ml, $0.21/100ml",juice,No Frills
100% Apple Juice,3.49,"1.89 l, $0.18/100ml",juice,No Frills
"Lemon Tea, Gable Top Carton",2.49,"1.75 l, $0.14/100ml",juice,No Frills
Pineapple Nectar,2.00,"960 ml, $0.21/100ml",juice,No Frills
Orange Juice Pulp Free,6.49,"2.63 l, $0.25/100ml",juice,No Frills
Pineapple Juice,2.00,"960 ml, $0.21/100ml",juice,No Frills
Blueberry Watermelon Wisdom Fruit Beverage,2.29,"1.75 l, $0.13/100ml",juice,No Frills
100% Orange Juice,2.00,"1 l, $0.20/100ml",juice,No Frills
Lemon Juice,2.49,"946 ml, $0.26/100ml",juice,No Frills
100% Apple Juice,2.00,"1 l, $0.20/100ml",juice,No Frills
"100% Apple Juice From Concentrate, 8 Pack",3.99,"8x200.0 ml, $0.25/100ml",juice,No Frills
Orange Juice with Pulp,4.49,"1.54 l, $0.29/100ml",juice,No Frills
"with Pulp Orange Juice, Bottle",4.99,"1.54 l, $0.32/100ml",juice,No Frills
Calamansi Lemonade,3.49,"1.54 l, $0.23/100ml",juice,No Frills
Mango Raspberry Lemonade,3.49,"1.54 l, $0.23/100ml",juice,No Frills
Realime Single Strength Lime Juice,1.00,"125 ml, $0.80/100ml",juice,No Frills
Apple Juice from Concentrate,1.99,"1 l, $0.20/100ml",juice,No Frills
Pure Premium Homestyle (Some Pulp),7.49,"2.63 l, $0.28/100ml",juice,No Frills
"Lemonade, Bottle",4.49,"1.54 l, $0.29/100ml",juice,No Frills
100% Mango Juice ,2.00,"1 l, $0.20/100ml",juice,No Frills
"Lemonade With Raspberry, Bottle",4.49,"1.54 l, $0.29/100ml",juice,No Frills
Cranberry Cocktail,3.99,"1.89 l, $0.21/100ml",juice,No Frills
Exotic Mango Fruit Juice,2.00,"960 ml, $0.21/100ml",juice,No Frills
"Cold Brew Coffee, Black, Unsweetened, No Cream",7.99,"1.42 l, $0.56/100ml",juice,No Frills
Hydrafruit Fruit Fusion Fruit Juice,2.00,"960 ml, $0.21/100ml",juice,No Frills
Guava Nectar,2.00,"960 ml, $0.21/100ml",juice,No Frills
Lemonade,3.99,"1.54 l, $0.26/100ml",juice,No Frills
Tropical Refreshing Beverage,2.99,"1.89 l, $0.16/100ml",juice,No Frills
"Zero Sugar Tea, Bottle",3.49,"1.89 l, $0.18/100ml",juice,No Frills
Smoothie Berry,4.29,"1.6 l, $0.27/100ml",juice,No Frills
Tomato Juice,2.49,"540 ml, $0.46/100ml",juice,No Frills
Green Goodness,8.99,"1.54 l, $0.58/100ml",juice,No Frills
Apple Juice Light Beverage,7.99,"1893 ml, $0.42/100ml",juice,No Frills
"Rasberry Tea, Carafe",5.29,"1.75 l, $0.30/100ml",juice,No Frills
8-Vegetable Cocktail,3.99,"1.89 l, $0.21/100ml",juice,No Frills
Ice Black Tea Drink Lemon Flavour,1.99,"500 ml, $0.40/100ml",juice,No Frills
Lemonade,1.99,"355 ml, $0.56/100ml",juice,No Frills
Blue Goodness,6.99,"946 ml, $0.74/100ml",juice,No Frills
Kosher Mini Concord Grape Juice,2.49,"240 ml, $0.74/100ml",juice,No Frills
Kosher Sparkling Concord Grape Juice,6.49,"750 ml, $0.87/100ml",juice,No Frills
Fruit Punch Drink,1.99,"2 l, $0.10/100ml",juice,No Frills
Prune Nectar Unsweetened,5.49,"1.36 l, $0.40/100ml",juice,No Frills
Grape Juice Boxes,2.79,"5x200.0 ml, $0.28/100ml",juice,No Frills
Premium Brewed Ginseng and Honey Green Tea,2.99,"8x200.0 ml, $0.19/100ml",juice,No Frills
Hydrafruit Watermelon Apple Fruit Juice Boxes,2.99,"8x200.0 ml, $0.19/100ml",juice,No Frills
Kosher Blush Grape Juice,8.99,"1.89 l, $0.48/100ml",juice,No Frills
Beverage ,5.99,"800 ml, $0.75/100ml",juice,No Frills
100% Cranberry Juice Blend,4.29,"1.89 l, $0.23/100ml",juice,No Frills
Vegetable Cocktail,4.49,"6x156.0 ml, $0.48/100ml",juice,No Frills
Unsweetened Pineapple Juice,3.99,"1.36 l, $0.29/100ml",juice,No Frills
Lemon Juice,1.99,"200 ml, $1.00/100ml",juice,No Frills
"Fruit Punch Juice Beverage, 10 Pack",3.99,"10x200.0 ml, $0.20/100ml",juice,No Frills
Vegetable Cocktail Spicy,4.49,"936 ml, $0.48/100ml",juice,No Frills
Banana Strawberry Juice Boxes ,4.99,"10x200.0 ml, $0.25/100ml",juice,No Frills
Ruby Red Grapefruit Cocktail,3.79,"1.89 l, $0.20/100ml",juice,No Frills
Kosher Sparkling White Grape Juice,6.49,"750 ml, $0.87/100ml",juice,No Frills
Jasmine Tea Drink,1.99,"500 ml, $0.40/100ml",juice,No Frills
Cranberry Cocktail,4.99,"3.78 l, $0.13/100ml",juice,No Frills
Original Tomato Clam Cocktail,3.79,"1.89 l, $0.20/100ml",juice,No Frills
"Jammers, Strawberry Kiwi",3.69,"10x180.0 ml, $0.21/100ml",juice,No Frills
"Fruit Punch, No Sugar Added",3.99,"1.54 l, $0.26/100ml",juice,No Frills
Red Grapefruit,5.99,"1.54 l, $0.39/100ml",juice,No Frills
Blackberry Blueberry Fruit Drink   ,4.29,"1.54 l, $0.28/100ml",juice,No Frills
"Peach Juice, Bottle",4.49,"1.54 l, $0.29/100ml",juice,No Frills
Cucumber Mint Flavour Green Tea,3.49,"1.54 l, $0.23/100ml",juice,No Frills
Fruit Juice Cocktail With Natural Flavour And Vitamin C Peach-Mango,7.29,"2.5 l, $0.29/100ml",juice,No Frills
Mango Passion,3.99,"1.54 l, $0.26/100ml",juice,No Frills
Blonde Roast Iced Coffee,8.49,"1.42 l, $0.60/100ml",juice,No Frills
Guava Real Fruit Beverage,3.49,"1.75 l, $0.20/100ml",juice,No Frills
Cranberry Cocktail,2.99,"1.89 l, $0.16/100ml",juice,No Frills
Raspberry Iced Tea,4.29,"1.75 l, $0.25/100ml",juice,No Frills
"Clamato, Extra Spicy",3.99,"1.89 l, $0.21/100ml",juice,No Frills
Diet Cranberry Juice,3.99,"1.89 l, $0.21/100ml",juice,No Frills
Health Break Berry Pomegranate Antioxidant Juice,4.29,"1.6 l, $0.27/100ml",juice,No Frills
Coconut Water with Pulp,2.19,"500 ml, $0.44/100ml",juice,No Frills
Low Calorie Cranberry Raspberry Cocktail,3.99,"1.89 l, $0.21/100ml",juice,No Frills
"Iced Tea, Lemon",6.49,"2.63 l, $0.25/100ml",juice,No Frills
Hydrafruit Peach Juice Boxes,2.99,"200 ml, $1.50/100ml",juice,No Frills
Cranberry Raspberry Cocktail,3.99,"1.89 l, $0.21/100ml",juice,No Frills
Peach Lychee Refreshing Beverage,2.99,"1.89 l, $0.16/100ml",juice,No Frills
Concord Grape 100% Juice Blend,2.00,"1 l, $0.20/100ml",juice,No Frills
"Clamato, The Works",3.99,"1.89 l, $0.21/100ml",juice,No Frills
Black Sugar Milk Tea,3.29,"390 ml, $0.84/100ml",juice,No Frills
Cranberry Raspberry Cocktail,2.99,"1.89 l, $0.16/100ml",juice,No Frills
"Mixed Berry Juice Beverage, 8 Pack",3.99,"8x200.0 ml, $0.25/100ml",juice,No Frills
Pear Juice With Rock Sugar Drink,1.99,"500 ml, $0.40/100ml",juice,No Frills
Cranberry Cocktail Juice,8.19,"2 l, $0.41/100ml",juice,No Frills
Mango Pineapple Fruit Juice Beverage Boxes,4.99,"10x200.0 ml, $2.50/100ml",juice,No Frills
Jammers,3.69,"10x180.0 ml, $0.21/100ml",juice,No Frills
"Garden Cocktail, Low Sodium",4.69,"1.89 l, $0.25/100ml",juice,No Frills
"V-Go Vegetable Cocktail, Low Sodium",4.49,"1.89 l, $0.24/100ml",juice,No Frills
Calamansi Juice,0.99,"240 ml, $0.41/100ml",juice,No Frills
Apple Juice from Concentrate ,3.29,"2 l, $0.16/100ml",juice,No Frills
Blueberry Burst,3.79,"1.36 l, $0.28/100ml",juice,No Frills
Mango Juice Boxes ,4.99,"10x200.0 ml, $0.25/100ml",juice,No Frills
100% Natural Iced Tea with Lemon,2.99,"8x200.0 ml, $0.19/100ml",juice,No Frills
Premium Pineapple Juice,4.49,"1.36 l, $0.33/100ml",juice,No Frills
"Vegetable Cocktail, Low Sodium",4.49,"6x156.0 ml, $0.48/100ml",juice,No Frills
"Kosher Iced Tea, Peach",5.49,"1890 ml, $0.29/100ml",juice,No Frills
Tomato Juice,2.79,"1.36 l, $0.21/100ml",juice,No Frills
Lemon Iced Tea,5.29,"3.78 l, $0.14/100ml",juice,No Frills
Smooth,3.79,"1.89 l, $0.20/100ml",juice,No Frills
"Nutri Bone Support 100% Orange Juice, Carton",4.99,"1.75 l, $0.29/100ml",juice,No Frills
Lemon Juice,5.89,"946 ml, $0.62/100ml",juice,No Frills
Raspberry Orange Juice Boxes ,4.99,"10x200.0 ml, $0.25/100ml",juice,No Frills
Jammers Cherry,3.69,"10x180.0 ml, $0.21/100ml",juice,No Frills
Kosher Mango Drink,2.79,"1.5 l, $0.19/100g",juice,No Frills
Apple Grape Juice Boxes ,4.99,"10x200.0 ml, $0.25/100ml",juice,No Frills
Pure Premium Original (No Pulp),1.99,"355 ml, $0.56/100ml",juice,No Frills
Apple Juice,2.69,"240 ml, $1.12/100ml",juice,No Frills
Cran-Pineapple Diet Low Calorie Beverage,3.99,"1.89 l, $0.21/100ml",juice,No Frills
Pure Apple Juice,9.49,"3.78 l, $0.25/100ml",juice,No Frills
"Peach Mango Juice Beverage, Carton",1.49,"1 l, $0.15/100ml",juice,No Frills
L - Sangria Juice,9.99,"1.89 l, $0.53/100ml",juice,No Frills
Grape Drink Boxes,3.29,"10x200.0 ml, $0.16/100ml",juice,No Frills
"Juice Drink, Diet Cranberry",5.79,"6x295.0 ml, $0.33/100ml",juice,No Frills
Pure Premium Homestyle (Some Pulp),1.99,"355 ml, $0.56/100ml",juice,No Frills
Cranberry Cocktail,5.79,"6x295.0 ml, $0.33/100ml",juice,No Frills
Tropical Mango Juice,3.79,"1.36 l, $0.28/100ml",juice,No Frills
"Pulp Free Orange Juice, Calcium & Vitamin D Added",7.49,"2.63 l, $0.28/100ml",juice,No Frills
Peach Cocktail,1.49,"1 l, $0.15/100ml",juice,No Frills
"100% Orange Juice From Concentrate, 8 Pack",3.99,"8x200.0 ml, $0.25/100ml",juice,No Frills
Kosher Concord Grape Juice,8.99,"1.89 l, $0.48/100ml",juice,No Frills
Kosher Concord Grape Juice,8.99,"1.89 l, $0.48/100ml",juice,No Frills
Orange Juice,2.39,"900 ml, $0.27/100ml",juice,No Frills
Extra Pulp Orange Juice,4.49,"1.54 l, $0.29/100ml",juice,No Frills
 Wildberry Juice,2.39,"900 ml, $0.27/100ml",juice,No Frills
"Low Acid 100% Orange Juice From Concentrate, Carton",3.99,"1.75 l, $0.23/100ml",juice,No Frills
Smoothie Tropical Mango,4.29,"1.6 l, $0.27/100ml",juice,No Frills
"Brewed Iced Tea Less Sugar, Lemon",4.29,"1.75 l, $0.25/100ml",juice,No Frills
Pineapple Mango With Lime Beverage  ,4.29,"1.54 l, $0.28/100ml",juice,No Frills
"Berry Citrus Juice, 8 Pack",3.99,"8x200.0 ml, $0.25/100ml",juice,No Frills
"Passionate Peach Juice, 8 Pack",3.99,"8x200.0 ml, $0.25/100ml",juice,No Frills
Pineapple-Orange Juice Blend,7.29,"2.5 l, $0.29/100ml",juice,No Frills
"Motts Clamato, Pickled Bean",3.99,"1.89 l, $0.21/100ml",juice,No Frills
Cranberry Mango Cocktail,3.99,"1.89 l, $0.21/100ml",juice,No Frills
Exotic Mango Fruit Juice,2.99,"8x200.0 ml, $0.19/100ml",juice,No Frills
Fresh-Pressed Sweet Apple Cider,7.99,"3 l, $0.27/100ml",juice,No Frills
Green Tea Drink Honey Jasmine Flavour,6.49,"2 l, $0.32/100ml",juice,No Frills
Fruit Punch Cocktail (Case),7.99,"24x200.0 ml, $0.17/100ml",juice,No Frills
Jammers,3.69,"10x180.0 ml, $0.21/100ml",juice,No Frills
Apple Juice,3.49,"1.75 l, $0.20/100ml",juice,No Frills
Protein Shake Chocolate Organic,7.99,"300 ml, $2.66/100ml",juice,No Frills
Lemon Juice,3.99,"500 ml, $0.80/100ml",juice,No Frills
Unsweetened Orange Juice from Concentrate,2.00,"1 l, $0.20/100ml",juice,No Frills
"Kosher Concord Grape Juice, Light",3.49,"650 ml, $0.54/100ml",juice,No Frills
"Diet Iced Tea, Peach",5.49,"1890 ml, $0.29/100ml",juice,No Frills
Daily Greens,6.99,"946 ml, $0.74/100ml",juice,No Frills
Prune Nectar,6.49,"1.36 l, $0.48/100ml",juice,No Frills
Mango Nectar,0.99,"240 ml, $0.41/100ml",juice,No Frills
Green Tea Drink Honey Jasmine Flavour,1.99,"500 ml, $0.40/100ml",juice,No Frills
Garden Cocktail,2.79,"945 ml, $0.30/100ml",juice,No Frills
Sparkling Raspberry Grape Juice,4.99,"750 ml, $0.67/100ml",juice,No Frills
100% Carrot,6.99,"946 ml, $0.74/100ml",juice,No Frills
"Cranberry Cocktail, Light",3.99,"1.89 l, $0.21/100ml",juice,No Frills
Kosher Concord Grape Juice,7.59,"946 ml, $0.80/100ml",juice,No Frills
Peach Drink,1.99,"2 l, $0.10/100ml",juice,No Frills
Strawberry Banana Fruit Drink,1.49,"240 ml, $0.62/100ml",juice,No Frills
Pink Lemonade,2.99,"1.75 l, $0.17/100ml",juice,No Frills
Diet Cranberry Cocktail,6.99,"3 l, $0.23/100ml",juice,No Frills
Cranberry Pineapple Cocktail,3.99,"1.89 l, $0.21/100ml",juice,No Frills
Watermelon Drink,1.49,"1 l, $0.15/100ml",juice,No Frills
"Cocktail, Cranberry Black Cherry",3.79,"1.89 l, $0.20/100ml",juice,No Frills
Gold Peak Iced Tea (Natural Lemon Flavour),5.29,"1.75 l, $0.30/100ml",juice,No Frills
Grape Drink,2.00,"2 l, $0.10/100ml",juice,No Frills
Kosher White Grape Juice,3.49,"650 ml, $0.54/100ml",juice,No Frills
Sno-Berry,8.29,"12x341.0 ml, $0.20/100ml",juice,No Frills
Flavoured Real Fruit Beverage From Concentrate Pineapple Zero Sugar,3.99,"1.54 l, $0.26/100ml",juice,No Frills
Hydrafruit Peach Beverage,2.00,"960 ml, $0.21/100ml",juice,No Frills
Pure Premium Grovestand (Lots Of Pulp),7.49,"2.63 l, $0.28/100ml",juice,No Frills
Smoothie Strawberry Banana,4.29,"1.6 l, $0.27/100ml",juice,No Frills
Real Fruit Beverage With Pineapple,5.49,"1.54 l, $0.36/100ml",juice,No Frills
Tropics Orange Strawberry,4.79,"1.75 l, $0.27/100ml",juice,No Frills
Guava-Mango Fruit Juice Cocktail Blend,7.29,"2.5 l, $0.29/100ml",juice,No Frills
100% Juice Morning Sunshine Orange With Pulp,7.29,"2.5 l, $0.29/100ml",juice,No Frills
Pure Pressed Pineapple Juice,6.29,"1.75 l, $0.36/100ml",juice,No Frills
Dark Roast Black Cold Brew Coffee,5.49,"900 ml, $0.61/100ml",juice,No Frills
Strawberry Kiwi Juice,2.39,"900 ml, $0.27/100ml",juice,No Frills
Apple Orange Peach Juice,2.39,"900 ml, $0.27/100ml",juice,No Frills
Concord Grape Juice,2.39,"900 ml, $0.27/100ml",juice,No Frills
Beverage With Vitamin C Orange,2.39,"1.54 l, $0.16/100ml",juice,No Frills
Pure Premium Apple Juice,5.99,"1.75 l, $0.34/100ml",juice,No Frills
Peach Pear Juice,2.39,"900 ml, $0.27/100ml",juice,No Frills
Passionate Peach Citrus Juice,3.99,"1.75 l, $0.23/100ml",juice,No Frills
Ginger Carrot Turmeric,9.99,"1540 ml, $0.65/100ml",juice,No Frills
Lemonade,6.49,"2.63 l, $0.25/100ml",juice,No Frills
Lime Juice,2.00,"445 ml, $0.45/100ml",juice,No Frills
Kosher Concord Grape Juice,3.49,"650 ml, $0.54/100ml",juice,No Frills
"Strawberry Banana Juice, Fruit Plus Veggie ",3.79,"1.36 l, $0.28/100ml",juice,No Frills
Tangy,3.79,"1.89 l, $0.20/100ml",juice,No Frills
"Kosher Sparkling Juice, Peach Grape",6.49,"750 ml, $0.87/100ml",juice,No Frills
"100% Apple Juice From Concentrate, Carton",1.49,"1 l, $0.15/100ml",juice,No Frills
Orange Juice Boxes,2.79,"5x200.0 ml, $0.28/100ml",juice,No Frills
Kosher Light White Grape Juice,8.99,"1.89 l, $0.48/100ml",juice,No Frills
100% Orange Mango Juice,2.00,"1 l, $0.20/100ml",juice,No Frills
Red Grape Juice,9.49,"1 l, $0.95/100ml",juice,No Frills
Razzleberry,2.29,"1.75 l, $0.13/100ml",juice,No Frills
Apple Juice Cocktail,7.99,"24x200.0 ml, $0.17/100ml",juice,No Frills
Sangria Juice,7.49,"750 ml, $1.00/100ml",juice,No Frills
Fruit Integration,1.49,"1 l, $0.15/100ml",juice,No Frills
Lemonade,2.99,"1.75 l, $0.17/100ml",juice,No Frills
Kosher Kiwi Strawberry,5.49,"1890 ml, $0.29/100ml",juice,No Frills
Kosher Sparkling Catawba Grape Juice,6.49,"750 ml, $0.87/100ml",juice,No Frills
Wildberry Juice Boxes,2.79,"5x200.0 ml, $0.28/100ml",juice,No Frills
Kosher Blush Grape Juice,3.49,"650 ml, $0.54/100ml",juice,No Frills
Amazing Mango,8.99,"1.54 l, $0.58/100ml",juice,No Frills
Kosher Sparkling Blush Grape Juice,6.49,"750 ml, $0.87/100ml",juice,No Frills
Low Acid 100% Orange Juice Nutri Pulp Free,4.99,"1.75 l, $0.29/100ml",juice,No Frills
Fruit Plus Veggies Orange Mango Juice Boxes,2.79,"5x200.0 ml, $0.28/100ml",juice,No Frills
Peach Drink,2.00,"2 l, $0.10/100ml",juice,No Frills
Pure Apple Juice Boxes,2.79,"5x200.0 ml, $0.28/100ml",juice,No Frills
Strawberry Banana Juice Boxes,2.79,"5x200.0 ml, $0.28/100ml",juice,No Frills
Iced Tea,2.29,"1.75 l, $0.13/100ml",juice,No Frills
Pineapple Juice,0.99,"240 ml, $0.41/100ml",juice,No Frills
Kosher Pineapple Juice,3.99,"1 l, $0.40/100ml",juice,No Frills
100% Carrot,9.99,"1.54 l, $0.65/100ml",juice,No Frills
Lemonade      ,4.79,"1.54 l, $0.31/100ml",juice,No Frills
C-Boost,6.99,"946 ml, $0.74/100ml",juice,No Frills
Strawberry Passion Awareness,1.49,"1 l, $0.15/100ml",juice,No Frills
Rio Red Grapefruit Juice,2.39,"900 ml, $0.27/100ml",juice,No Frills
"Juice Carton, Citrus Flavour",3.99,"1.75 l, $0.23/100ml",juice,No Frills
"Trop50 Orange Juice, No Pulp",5.79,"1.54 l, $0.38/100ml",juice,No Frills
Peach Nectar,2.00,"960 ml, $0.21/100ml",juice,No Frills
Mango Juice,2.39,"900 ml, $0.27/100ml",juice,No Frills
Orange Juice with Pulp,6.49,"2.63 l, $0.25/100ml",juice,No Frills
Orange Juice Some Pulp,5.79,"1.54 l, $0.38/100ml",juice,No Frills
"Apple Juice, Bottle",4.99,"1.54 l, $0.32/100ml",juice,No Frills
Ambrosia Pure Apple Juice,2.39,"900 ml, $0.27/100ml",juice,No Frills
Medium Roast Black Cold Brew Coffee,5.49,"900 ml, $0.61/100ml",juice,No Frills
Pink Lemonade,3.99,"1.54 l, $0.26/100ml",juice,No Frills
Smoothie Green Activ,4.29,"1.6 l, $0.27/100ml",juice,No Frills
Ruby Red Grapefruit Juice,4.99,"1.54 l, $0.32/100ml",juice,No Frills
Pineapple Breeze Juice,2.39,"900 ml, $0.27/100ml",juice,No Frills
Jalapeno Lemonade,3.49,"1.54 l, $0.23/100ml",juice,No Frills
Real Fruit Beverage From Concentrate Lemonade Zero Sugar,7.49,"2.63 l, $0.28/100ml",juice,No Frills
Orange Juice Lots of Pulp,5.79,"1.54 l, $0.38/100ml",juice,No Frills
Tropics Orange Peach Mang,4.79,"1.75 l, $0.27/100ml",juice,No Frills
"Berry Punch Juice Beverage, 10 Pack",3.99,"10x200.0 ml, $0.20/100ml",juice,No Frills
Watermelon Beverage     ,4.29,"1.54 l, $0.28/100ml",juice,No Frills
"Fruit Punch Juice Beverage, Carton",1.49,"1 l, $0.15/100ml",juice,No Frills
Fruit Punch Juice Boxes,3.29,"10x200.0 ml, $0.16/100ml",juice,No Frills
Apple Juice Boxes,3.29,"10x200.0 ml, $0.16/100ml",juice,No Frills
Lemon Iced Tea,4.29,"1.75 l, $0.25/100ml",juice,No Frills
Kosher Light Concord Grape Juice,8.99,"1.8 l, $0.48/100ml",juice,No Frills
Kosher Organic Grape Juice,8.29,"651 ml, $1.27/100ml",juice,No Frills
Iced Tea Drink Boxes,3.29,"10x200.0 ml, $0.16/100ml",juice,No Frills
"Iced Tea, Raspberry",6.49,"2.63 l, $0.25/100ml",juice,No Frills
Rose Dealcoholized Wine,7.99,"750 ml, $1.07/100ml",juice,No Frills
100% Apple Juice Boxes 10-Pack,4.99,"10x200.0 ml, $0.25/100ml",juice,No Frills
Slim Orange Passion Fruit,3.79,"1.36 l, $0.28/100ml",juice,No Frills
8-Vegetable Cocktail,3.99,"1.89 l, $0.21/100ml",juice,No Frills
Strawberry Dragon Fruit Refreshing Beverage,2.99,"1.89 l, $0.16/100ml",juice,No Frills
Cranberry Twist,3.79,"1.36 l, $0.28/100ml",juice,No Frills
Kosher Pear Juice,3.99,"1 l, $0.40/100ml",juice,No Frills
"Kosher Juice, Sparkling Light Concord Grape",6.49,"750 ml, $0.87/100ml",juice,No Frills
Tomato Juice,4.79,"1.36 l, $0.35/100ml",juice,No Frills
Fruit Punch,2.00,"2 l, $0.10/100ml",juice,No Frills
Kosher Light Grape Juice,2.49,"237 ml, $1.05/100ml",juice,No Frills
Real Fruit Beverage Fruit Punch,4.49,"1.54 l, $0.29/100ml",juice,No Frills
Mocha Cappuccino,6.99,"946 ml, $0.74/100ml",juice,No Frills
Cherry Peach Fruit Juice Beverage Boxes,4.99,"10x200.0 ml, $2.50/100ml",juice,No Frills
Mango Pineapple Juice,3.79,"1.36 l, $0.28/100ml",juice,No Frills
Garden Cocktail,4.69,"1.89 l, $0.25/100ml",juice,No Frills
Cranberry Cocktail,3.79,"1.89 l, $0.20/100ml",juice,No Frills
Strawberry Banana,8.99,"1.54 l, $0.58/100ml",juice,No Frills
Green Goodness,6.99,"946 ml, $0.74/100ml",juice,No Frills
Tropical Passion Fruit Juice,2.99,"8x200.0 ml, $0.19/100ml",juice,No Frills
Fruit Plus Veggies Orange Mango Juice,3.79,"1.36 l, $0.28/100ml",juice,No Frills
Green Goodness,6.99,"946 ml, $0.74/100ml",juice,No Frills
"Citrus Juice, 8 Pack",3.99,"8x200.0 ml, $0.25/100ml",juice,No Frills
Real Fruit Beverage Fruit Punch,4.49,"1.54 l, $0.29/100ml",juice,No Frills
"Kosher Juice, White Grape",8.99,"1.89 l, $0.48/100ml",juice,No Frills
Peach Party,2.29,"1.75 l, $0.13/100ml",juice,No Frills
"Lemon Tea, Bottle",3.49,"1.89 l, $0.18/100ml",juice,No Frills
Sparkling Peach Grape Juice,4.99,"750 ml, $0.67/100ml",juice,No Frills
Sparkling White Grape Juice,4.99,"750 ml, $0.67/100ml",juice,No Frills
"Limited Edition Drink, Raspberry Dragonfruit",1.99,"2 l, $0.10/100ml",juice,No Frills
Kosher Prune Juice,10.99,"946 ml, $1.16/100ml",juice,No Frills
"V-Go Vegetable Cocktail, Original",4.49,"1.89 l, $0.24/100ml",juice,No Frills
Peach Cocktail,7.99,"24x200.0 ml, $0.17/100ml",juice,No Frills
Strawberry Kiwi Juice Boxes,2.79,"5x200.0 ml, $0.28/100ml",juice,No Frills
Jammers,3.69,"10x180.0 ml, $0.21/100ml",juice,No Frills
Kosher Light Concord Grape Juice,9.99,"1.5 l, $0.67/100ml",juice,No Frills
Mango & Peach Real Fruit Beverage,4.29,"1.75 l, $0.25/100ml",juice,No Frills
Cranberry Cocktail,6.99,"3 l, $0.23/100ml",juice,No Frills
100% Apple Grape Juice,2.00,"1 l, $0.20/100ml",juice,No Frills
Health Break Orange Carrot Mango Juice,4.29,"1.6 l, $0.27/100ml",juice,No Frills
Strawberry Banana,6.99,"946 ml, $0.74/100ml",juice,No Frills
Fruit Punch Juice Boxes ,4.99,"10x200.0 ml, $0.25/100ml",juice,No Frills
Fruit Medley Juice,2.39,"900 ml, $0.27/100ml",juice,No Frills
Lavender Flavour White Tea,3.49,"1.54 l, $0.23/100ml",juice,No Frills
Real Fruit Beverage From Concentrate Fruit Punch Zero Sugar,7.49,"2.63 l, $0.28/100ml",juice,No Frills
Strawberry Peach Beverage    ,4.29,"1.54 l, $0.28/100ml",juice,No Frills
Pure Apple Juice,2.39,"1 l, $0.24/100ml",juice,No Frills
Medium Roast Iced Coffee,8.49,"1.42 l, $0.60/100ml",juice,No Frills
Lemonade with Raspberry,6.49,"2.63 l, $0.25/100ml",juice,No Frills
"Cold Brew Coffee, Black, Lightly Sweetened",7.99,"1.42 l, $0.56/100ml",juice,No Frills
"Cold Brew Coffee, Black, Extra Bold, Unsweetened, No Cream",7.99,"1.42 l, $0.56/100ml",juice,No Frills
Orange Juice Boxes,4.99,"10x200.0 ml, $0.25/100ml",juice,No Frills
Premium Pineapple Juice ,4.49,"4x250.0 ml, $0.45/100ml",juice,No Frills
Vanilla Chai Tea,6.99,"946 ml, $0.74/100ml",juice,No Frills
"100% Juice Blends 100% Juice, Cranberry",3.99,"1.77 l, $0.23/100ml",juice,No Frills
"100% Juice Blends 100% Juice, Cranberry and Grape",3.99,"1.77 l, $0.23/100ml",juice,No Frills
Apple Juice,2.99,"8x200.0 ml, $0.19/100ml",juice,No Frills
100% Juice Morning Sunshine,7.29,"2.5 l, $0.29/100ml",juice,No Frills
Fruit Punch Cocktail,1.49,"1 l, $0.15/100ml",juice,No Frills
Tomato Clam Cocktail Original Light,3.99,"1.89 l, $0.21/100ml",juice,No Frills
Strawberry Banana Cocktail (Case),7.99,"24x200.0 ml, $0.17/100ml",juice,No Frills
Vanilla,2.99,"355 ml, $0.84/100ml",juice,No Frills
Ice Black Tea Drink Lemon Flavour,6.49,"2 l, $0.32/100ml",juice,No Frills
"Almond Beverage, Unsweetened Original, Dairy-Free",3.99,"1.89 l, $0.21/100ml",nonDairy_milk_alternatives,No Frills
"Oat Beverage, Original",3.79,"1.75 l, $0.22/100ml",nonDairy_milk_alternatives,No Frills
"Organic Soy Beverage, Unsweetened Original, Dairy-Free",4.29,"1.89 l, $0.23/100ml",nonDairy_milk_alternatives,No Frills
"Almond Beverage, Unsweetened, Vanilla Flavour, Dairy-Free",3.99,"1.89 l, $0.21/100ml",nonDairy_milk_alternatives,No Frills
"Almond Beverage, Original, Plant Based Dairy-Free Milk",3.99,"1.89 l, $0.21/100ml",nonDairy_milk_alternatives,No Frills
"Oat Beverage, Unsweetened, Plant Based, Dairy Free",3.99,"1.75 l, $0.23/100ml",nonDairy_milk_alternatives,No Frills
"Coconut Beverage, Unsweetened Original, Dairy-Free",3.99,"1.89 l, $0.21/100ml",nonDairy_milk_alternatives,No Frills
"Almond Beverage, Dark Chocolate Flavour",3.99,"1.89 l, $0.21/100ml",nonDairy_milk_alternatives,No Frills
"Almond Beverage, Unsweetened Original ",4.00,"1.89 l, $0.21/100ml",nonDairy_milk_alternatives,No Frills
"Dairy Free Plant Based Oat Beverage, Original, Plain",3.99,"1.75 l, $0.23/100ml",nonDairy_milk_alternatives,No Frills
"Organic Soy Beverage, Original, Dairy-Free",4.29,"1.89 l, $0.23/100ml",nonDairy_milk_alternatives,No Frills
"Almond Beverage, Vanilla Flavour, Dairy-Free",3.99,"1.89 l, $0.21/100ml",nonDairy_milk_alternatives,No Frills
"Creamy Cashew Beverage, Unsweetened Original, Dairy-Free",3.99,"1.89 l, $0.21/100ml",nonDairy_milk_alternatives,No Frills
 Oat Zero Sugar Beverage,3.79,"1.75 l, $0.22/100ml",nonDairy_milk_alternatives,No Frills
"Oat Beverage, Vanilla",3.79,"1.75 l, $0.22/100ml",nonDairy_milk_alternatives,No Frills
"Protein Almond & Cashew Beverage, Unsweetened Original L",3.99,"1.75 l, $0.23/100ml",nonDairy_milk_alternatives,No Frills
"Almond Beverage, Unsweetened Vanilla",4.00,"1.89 l, $0.21/100ml",nonDairy_milk_alternatives,No Frills
"Oat Beverage, Vanilla, Unsweetened, Dairy-free",3.99,"1.75 l, $0.23/100ml",nonDairy_milk_alternatives,No Frills
"Almond Coconut Blend Beverage, Unsweetened, Dairy-Free",3.99,"1.89 l, $0.21/100ml",nonDairy_milk_alternatives,No Frills
"Coconut Beverage, Original, Plant Based Dairy-Free Milk",3.99,"1.89 l, $0.21/100ml",nonDairy_milk_alternatives,No Frills
"Creamy Cashew Beverage, Unsweetened, Vanilla Flavour",3.99,"1.89 l, $0.21/100ml",nonDairy_milk_alternatives,No Frills
"Nextmilk, Plant Based Dairy Free Milk Alternative",3.99,"1.74 l, $0.23/100ml",nonDairy_milk_alternatives,No Frills
"Almond Breeze Natural Almond, Unsweetened",2.79,"946 ml, $0.29/100ml",nonDairy_milk_alternatives,No Frills
"Protein Almond & Cashew Beverage, Vanilla, Unsweetened, Dairy-Free",3.99,"1.75 l, $0.23/100ml",nonDairy_milk_alternatives,No Frills
"Almond Beverage, Original ",4.00,"1.89 l, $0.21/100ml",nonDairy_milk_alternatives,No Frills
"Organic Soy Beverage, Vanilla Flavour, Dairy-Free",4.29,"1.89 l, $0.23/100ml",nonDairy_milk_alternatives,No Frills
"Almond Beverage, Unsweetened, Dairy-Free, Shelf Stable",3.49,"946 ml, $0.37/100ml",nonDairy_milk_alternatives,No Frills
Unsweetened Enrich     ,2.79,"946 ml, $0.29/100ml",nonDairy_milk_alternatives,No Frills
"Soy Beverage, Chocolate Flavour, Dairy-Free",4.29,"1.89 l, $0.23/100ml",nonDairy_milk_alternatives,No Frills
"Oat Beverage, Plant Based, Dairy Free, Vanilla Flavour",3.99,"1.75 l, $0.23/100ml",nonDairy_milk_alternatives,No Frills
"Oat Beverage, Chocolate",3.79,"1.75 l, $0.22/100ml",nonDairy_milk_alternatives,No Frills
"Almond Beverage, Vanilla",4.00,"1.89 l, $0.21/100ml",nonDairy_milk_alternatives,No Frills
"Almond Breeze, Unsweetened Vanilla",2.79,"946 ml, $0.29/100ml",nonDairy_milk_alternatives,No Frills
"Almond Beverage, Unsweetened Original, Dairy-Free",12.99,"6x946.0 ml, $0.23/100g",nonDairy_milk_alternatives,No Frills
"Almond Beverage, Unsweetened, Vanilla Flavour, Dairy-Free, Shelf Stable",3.49,"946 ml, $0.37/100ml",nonDairy_milk_alternatives,No Frills
Fortified Gluten-Free Oat Beverage Zero Sugar Unsweetened Vanilla,3.79,"1.75 l, $0.22/100ml",nonDairy_milk_alternatives,No Frills
Natur-A  Rice Original,2.99,"946 ml, $0.32/100ml",nonDairy_milk_alternatives,No Frills
"Oat Beverage, Chocolate",4.99,"3x250.0 ml, $0.67/100ml",nonDairy_milk_alternatives,No Frills
Natur-A Rice Vanilla,2.99,"946 ml, $0.32/100ml",nonDairy_milk_alternatives,No Frills
"Almond Beverage, Vanilla Flavour, Dairy-Free",9.49,"6x236.0 ml, $0.67/100ml",nonDairy_milk_alternatives,No Frills
"Organic Soy Beverage, Enriched Vanilla",2.79,"946 ml, $0.29/100ml",nonDairy_milk_alternatives,No Frills
"Oat Beverage, Original ",4.99,"3x250.0 ml, $0.67/100ml",nonDairy_milk_alternatives,No Frills
"Almond Beverage, Vanilla Flavour, Dairy-Free, Shelf Stable",3.49,"946 ml, $0.37/100ml",nonDairy_milk_alternatives,No Frills
"Almond Breeze, Vanilla",2.79,"946 ml, $0.29/100ml",nonDairy_milk_alternatives,No Frills
"Almond Beverage, Dark Chocolate Flavour, Dairy-Free",9.49,"6x236.0 ml, $0.67/100ml",nonDairy_milk_alternatives,No Frills
"Almond Breeze, Original",2.79,"946 ml, $0.29/100ml",nonDairy_milk_alternatives,No Frills
"Almond Beverage, Original, Dairy-Free, Shelf Stable ",3.49,"946 ml, $0.37/100ml",nonDairy_milk_alternatives,No Frills
"Pub Style Chicken Strips, Fully Cooked",10.99,"700 g, $1.57/100g",FrozenMeat_Seafood,No Frills
Thick & Juicy™ Prime Rib Beef Burger,10.99,"1.13 kg, $0.97/100g",FrozenMeat_Seafood,No Frills
"Pacific White Shrimp Raw Peeled, Large",9.99,"400 g, $2.50/100g",FrozenMeat_Seafood,No Frills
Smoked Steelhead Salmon,3.29,"50 g, $6.58/100g",FrozenMeat_Seafood,No Frills
Thick & Juicy™ Sirloin Beef Burgers ,10.99,"1.13 kg, $0.97/100g",FrozenMeat_Seafood,No Frills
"Pub Style Chicken Nugget, Fully Cooked",10.99,"700 g, $1.57/100g",FrozenMeat_Seafood,No Frills
"Pub Style Chicken Burger, Fully Cooked",10.99,"700 g, $1.57/100g",FrozenMeat_Seafood,No Frills
Pacific White Shrimp Cooked Peeled,9.99,"400 g, $2.50/100g",FrozenMeat_Seafood,No Frills
Pacific White Shrimp Raw 16-20/LB,7.79,"300 g, $2.60/100g",FrozenMeat_Seafood,No Frills
Free From Angus Beef Burger,10.99,"1.02 kg, $1.08/100g",FrozenMeat_Seafood,No Frills
Buttermilk Chicken Breast Pieces,10.00,"1.2 kg, $0.83/100g",FrozenMeat_Seafood,No Frills
Thick & Juicy™ Beef Burgers  ,10.99,"1.36 kg, $0.81/100g",FrozenMeat_Seafood,No Frills
Chicken Strips,10.00,"1.5 kg, $0.67/100g",FrozenMeat_Seafood,No Frills
Thick & Juicy™ Chicken Burgers ,10.99,"1.13 kg, $0.97/100g",FrozenMeat_Seafood,No Frills
"Popcorn Chicken, Fully Cooked",10.99,"700 g, $1.57/100g",FrozenMeat_Seafood,No Frills
Pork Belly Burnt Ends,14.00,"500 g, $2.80/100g",FrozenMeat_Seafood,No Frills
Beef Burger 4 Oz,13.00,"1.36 kg, $0.96/100g",FrozenMeat_Seafood,No Frills
Lean Ground Beef Uncooked,10.00,"1.1 kg, $0.91/100g",FrozenMeat_Seafood,No Frills
Chicken Nuggets,10.00,"1.5 kg, $0.67/100g",FrozenMeat_Seafood,No Frills
Go Cooked White Shrimp 61/90,3.99,"160 g, $2.49/100g",FrozenMeat_Seafood,No Frills
"Pub Style Chicken Fries, Fully Cooked",10.99,"700 g, $1.57/100g",FrozenMeat_Seafood,No Frills
"Pub Recipe Chicken Strips, Fully Cooked",7.49,"700 g, $1.07/100g",FrozenMeat_Seafood,No Frills
Sirloin Beef Burger,10.99,"1.02 kg, $1.08/100g",FrozenMeat_Seafood,No Frills
The Ultimate Canadiana Burger,14.00,"852 g, $1.64/100g",FrozenMeat_Seafood,No Frills
"Chicken Wings, Crisp & Crunchy Mild Southern-Style ",15.00,"907 g, $1.65/100g",FrozenMeat_Seafood,No Frills
Wagyu Beef Burgers,10.99,"568 g, $1.93/100g",FrozenMeat_Seafood,No Frills
Lean Beef Burgers  ,10.99,"1.13 kg, $0.97/100g",FrozenMeat_Seafood,No Frills
Angus Burger,10.99,"1.02 kg, $1.08/100g",FrozenMeat_Seafood,No Frills
Gluten Free Chicken Strips,8.99,"600 g, $1.50/100g",FrozenMeat_Seafood,No Frills
Tom Kha Butterflied Black Tiger Shrimp,15.00,"360 g, $4.17/100g",FrozenMeat_Seafood,No Frills
English Style Battered Fillets,6.99,"500 g, $1.40/100g",FrozenMeat_Seafood,No Frills
"Fish Sticks, Family Pack",6.99,"700 g, $1.00/100g",FrozenMeat_Seafood,No Frills
"Family Favourites Beer Battered Fish Fillets, Uncooked",6.99,"500 g, $1.40/100g",FrozenMeat_Seafood,No Frills
"Chicken Fries, Fully Cooked",10.00,"1.5 kg, $0.67/100g",FrozenMeat_Seafood,No Frills
"Thick & Crispy Breaded Chicken Burgers, Fully Cooked",7.49,"700 g, $1.07/100g",FrozenMeat_Seafood,No Frills
Breaded Chicken Cutlettes Chicken Strips,6.00,"908 g, $0.66/100g",FrozenMeat_Seafood,No Frills
Italian Meatballs,10.00,"1.5 kg, $0.67/100g",FrozenMeat_Seafood,No Frills
"Pub Recipe Chicken Nuggets, Fully Cooked",7.49,"700 g, $1.07/100g",FrozenMeat_Seafood,No Frills
"Fish In Tempura Batter, Family Pack",6.99,"700 g, $1.00/100g",FrozenMeat_Seafood,No Frills
Breaded Chicken Burger,10.00,"1.5 kg, $0.67/100g",FrozenMeat_Seafood,No Frills
"Cooked Shrimp, 36/45",5.99,"300 g, $2.00/100g",FrozenMeat_Seafood,No Frills
Go Raw White Shrimp 51/70,3.99,"160 g, $2.49/100g",FrozenMeat_Seafood,No Frills
Chicken Swiss,10.00,"994 g, $1.01/100g",FrozenMeat_Seafood,No Frills
"Fully Cooked, Breaded Chicken Nuggets Cutlettes",6.00,"908 g, $0.66/100g",FrozenMeat_Seafood,No Frills
"Fully Cooked Pork Back Ribs, Smokin Stampede",12.00,"500 g, $2.40/100g",FrozenMeat_Seafood,No Frills
Chicken Breast Fillets,16.99,"720 g, $2.36/100g",FrozenMeat_Seafood,No Frills
Frozen Grade A Turkey 7-9 Kg,61.52,$7.69/1kg $3.49/1lb,FrozenMeat_Seafood,No Frills
"Frozen Utility Turkey, 7-9kg",50.74,$6.59/1kg $2.99/1lb,FrozenMeat_Seafood,No Frills
Italian Meatballs,9.99,"680 g, $1.47/100g",FrozenMeat_Seafood,No Frills
Thai Basil Shrimp Spring Rolls,9.99,"294 g, $3.40/100g",FrozenMeat_Seafood,No Frills
Frozen Beef Burger,19.99,"907 g, $2.20/100g",FrozenMeat_Seafood,No Frills
Smoked Soho Salmon,22.49,"140 g, $16.06/100g",FrozenMeat_Seafood,No Frills
Shrimp Cakes,7.99,"170 g, $4.70/100g",FrozenMeat_Seafood,No Frills
"Frozen Utility Turkey, 3-5kg",31.07,$7.03/1kg $3.19/1lb,FrozenMeat_Seafood,No Frills
Halal Chicken Nuggets,10.00,"840 g, $1.19/100g",FrozenMeat_Seafood,No Frills
Creamy Dill Chicken Breast Bites,15.99,"700 g, $2.28/100g",FrozenMeat_Seafood,No Frills
Too Good To Be Wings Maple Barbecue Boneless Coated Chicken Breast Chunks,14.99,"800 g, $1.87/100g",FrozenMeat_Seafood,No Frills
"Pub Recipe Chicken Strips, Fully Cooked, Club Size",10.99,"1.4 kg, $0.79/100g",FrozenMeat_Seafood,No Frills
"Lamb Leg Short Cut, Frozen",36.96,$16.07/1kg $7.29/1lb,FrozenMeat_Seafood,No Frills
Jerk Chicken Wings,15.99,"907 g, $1.76/100g",FrozenMeat_Seafood,No Frills
Butterfly Shrimp,6.99,"330 g, $2.12/100g",FrozenMeat_Seafood,No Frills
Breaded Butterflied Shrimp ,11.99,"400 g, $3.00/100g",FrozenMeat_Seafood,No Frills
Atlantic Salmon Strips Smoked Spicy Candied ,9.29,"150 g, $6.19/100g",FrozenMeat_Seafood,No Frills
"Frozen Utility Turkey, 11kg and up",108.43,$7.03/1kg $3.19/1lb,FrozenMeat_Seafood,No Frills
"Chicken Stuffed with Ham & Mozzarella, Raised Without Antibiotics",16.99,"568 g, $2.99/100g",FrozenMeat_Seafood,No Frills
Crispy Shrimp Fine Hors D'Oeuvre Trio,12.99,"528 g, $2.46/100g",FrozenMeat_Seafood,No Frills
"Fish In Tempura Batter, Haddock",6.79,"350 g, $1.94/100g",FrozenMeat_Seafood,No Frills
Honey Barbecue Pork Back Ribs,13.99,"680 g, $2.06/100g",FrozenMeat_Seafood,No Frills
"Chicken Legs, Club Pack",16.99,"2 kg, $0.85/100g",FrozenMeat_Seafood,No Frills
English Style Chips & Fish,6.99,"550 g, $1.27/100g",FrozenMeat_Seafood,No Frills
Scottish Atlantic Salmon Peat-Smoked ,9.99,"150 g, $6.66/100g",FrozenMeat_Seafood,No Frills
Sirloin Beef Meatballs,16.99,"907 g, $1.87/100g",FrozenMeat_Seafood,No Frills
"Salmon Sashimi, Frozen",7.99,"100 g, $7.99/100g",FrozenMeat_Seafood,No Frills
Kalbi Beef Short Ribs,14.99,"500 g, $3.00/100g",FrozenMeat_Seafood,No Frills
Halal Chicken Strips,10.00,"840 g, $1.19/100g",FrozenMeat_Seafood,No Frills
Homestyle Stuffing,7.29,"900 g, $0.81/100g",FrozenMeat_Seafood,No Frills
Chicken Cutlettes Breaded,8.99,"1 kg, $0.90/100g",FrozenMeat_Seafood,No Frills
Montana's Texan BBQ Ribs,13.99,"650 g, $2.15/100g",FrozenMeat_Seafood,No Frills
Crispy Calamari,5.99,"300 g, $2.00/100g",FrozenMeat_Seafood,No Frills
"Pan Sear Selects, Haddock Roasted Garlic",17.49,"500 g, $3.50/100g",FrozenMeat_Seafood,No Frills
"Boneless Chicken Bites, Honey Garlic",16.99,"710 g, $2.39/100g",FrozenMeat_Seafood,No Frills
Uncooked Stuffed Breaded Chicken Breast Cutlettes Parmesan,4.00,"284 g, $1.41/100g",FrozenMeat_Seafood,No Frills
Bone in Lamb Stew,29.49,"1.25 kg, $2.36/100g",FrozenMeat_Seafood,No Frills
Wild Sockeye Salmon Burger,13.99,"568 g, $2.46/100g",FrozenMeat_Seafood,No Frills
Boneless Chicken Bites Buffalo,16.99,"710 g, $2.39/100g",FrozenMeat_Seafood,No Frills
Free From Short Cut Leg Australian Lamb,60.78,$22.02/1kg $9.99/1lb,FrozenMeat_Seafood,No Frills
"Stuffed Breaded Chicken Breasts, Ham & Cheese",4.00,"284 g, $1.41/100g",FrozenMeat_Seafood,No Frills
Stuffed Chicken with Jalapeno & Cheese,4.00,"284 g, $1.41/100g",FrozenMeat_Seafood,No Frills
Chicken Divan Breaded Boneless Seasoned Filled Chicken Breasts,18.99,"560 g, $3.39/100g",FrozenMeat_Seafood,No Frills
Leg-Style Imitation Crab Wild Alaska Pollock,10.00,"700 g, $1.43/100g",FrozenMeat_Seafood,No Frills
"Turkey 3-5KG, Frozen",18.00,"1 ea, $18.00/1ea",FrozenMeat_Seafood,No Frills
Oak-Smoked Citrus and Gin Scottish Atlantic Salmon,10.99,"125 g, $8.79/100g",FrozenMeat_Seafood,No Frills
Nashville Breaded Chicken Bites,14.99,"700 g, $2.14/100g",FrozenMeat_Seafood,No Frills
Italian Chicken Meatballs,16.99,"850 g, $2.00/100g",FrozenMeat_Seafood,No Frills
"Turkey, 5-7KG Frozen",24.00,"1 ea, $24.00/1ea",FrozenMeat_Seafood,No Frills
Smoked Wild Sockeye Salmon,10.00,"200 g, $5.00/100g",FrozenMeat_Seafood,No Frills
Breakfast Sausage,10.00,"1.2 kg, $0.83/100g",FrozenMeat_Seafood,No Frills
Tempura Torpedo Shrimp With Sweet Soy Dipping Sauce,11.99,"340 g, $3.53/100g",FrozenMeat_Seafood,No Frills
Kofta Beef Meatballs,9.00,"454 g, $1.98/100g",FrozenMeat_Seafood,No Frills
Bacon-Wrapped Wild Sea Scallops,15.99,"260 g, $6.15/100g",FrozenMeat_Seafood,No Frills
"Club Pack Chicken Breasts, Boneless Skinless",39.99,"2 kg, $2.00/100g",FrozenMeat_Seafood,No Frills
Chicken Breast Strips,16.99,"750 g, $2.27/100g",FrozenMeat_Seafood,No Frills
Lamb Rack Frenched Frozen,25.54,$52.89/1kg $24.00/1lb,FrozenMeat_Seafood,No Frills
"Frozen Utility Turkey, 9-11kg",62.08,$6.59/1kg $2.99/1lb,FrozenMeat_Seafood,No Frills
"Free from Butter Infused Turkey  5-7 Kg, Frozen",40.00,"1 ea, $40.00/1ea",FrozenMeat_Seafood,No Frills
Salmon Burgers,6.99,"340 g, $2.06/100g",FrozenMeat_Seafood,No Frills
Swedish Meatballs,10.00,"1.5 kg, $0.67/100g",FrozenMeat_Seafood,No Frills
Club Pack Chicken Drumsticks,14.99,"2 kg, $0.75/100g",FrozenMeat_Seafood,No Frills
Pacific White Shrimp Platter with Mild Cocktail Sauce,19.99,"568 g, $3.52/100g",FrozenMeat_Seafood,No Frills
"Club Pack Chicken Wings, Split",26.99,"2 kg, $1.35/100g",FrozenMeat_Seafood,No Frills
Seasoned Chicken Breasts Club Size ,38.99,"2 kg, $1.95/100g",FrozenMeat_Seafood,No Frills
Haddock & Hops Battered Wild Haddock Fillets,15.99,"550 g, $2.91/100g",FrozenMeat_Seafood,No Frills
Halal Barbeque Chicken Wings,17.99,"908 g, $1.98/100g",FrozenMeat_Seafood,No Frills
Corn Dog,12.99,"1 kg, $1.30/100g",FrozenMeat_Seafood,No Frills
Smokin Stampede Pork Back Ribs Frozen,13.99,"680 g, $2.06/100g",FrozenMeat_Seafood,No Frills
Breaded Chicken Breast Fillets,18.99,"908 g, $2.09/100g",FrozenMeat_Seafood,No Frills
Swedish Beef Meatballs,16.99,"907 g, $1.87/100g",FrozenMeat_Seafood,No Frills
Free From Greek Australian Lamb Sirloin Roast  ,23.60,$46.28/1kg $21.00/1lb,FrozenMeat_Seafood,No Frills
Halal Breaded Chicken Burgers,10.00,"828 g, $1.21/100g",FrozenMeat_Seafood,No Frills
Sea Salt and Malt Vinegar Haddock Bites,9.99,"454 g, $2.20/100g",FrozenMeat_Seafood,No Frills
Chicken Breast Strips,12.99,"800 g, $1.62/100g",FrozenMeat_Seafood,No Frills
"BBQ Beef Burgers, Hickory Flavour",14.00,"1.13 kg, $1.24/100g",FrozenMeat_Seafood,No Frills
Breaded Chicken Burgers,12.99,"800 g, $1.62/100g",FrozenMeat_Seafood,No Frills
Seafood Mix,5.99,"340 g, $1.76/100g",FrozenMeat_Seafood,No Frills
Beef Burgers,14.00,"1.13 kg, $1.24/100g",FrozenMeat_Seafood,No Frills
Frozen Chicken Fries,12.99,"800 g, $1.62/100g",FrozenMeat_Seafood,No Frills
"Pan Sear Selects Haddock, Traditional",17.49,"500 g, $3.50/100g",FrozenMeat_Seafood,No Frills
"Candied Salmon, Maple Flavour",9.99,"150 g, $6.66/100g",FrozenMeat_Seafood,No Frills
Raw Shrimp,11.99,"340 g, $3.53/100g",FrozenMeat_Seafood,No Frills
"Butter Infused Young Turkey - 3-5 kg, Frozen",28.00,1 kg,FrozenMeat_Seafood,No Frills
Frozen Turkey 7-9 Kg,53.00,"8 kg, $0.66/100g",FrozenMeat_Seafood,No Frills
BBQ Pork Ribs,14.99,"600 g, $2.50/100g",FrozenMeat_Seafood,No Frills
Jumbo Popcorn Shrimp,6.99,"330 g, $2.12/100g",FrozenMeat_Seafood,No Frills
Nashville-Style Chicken Wings,15.00,"907 g, $1.65/100g",FrozenMeat_Seafood,No Frills
Garlic & Herb Grilling Raw Butterflied Shrimp,11.99,"340 g, $3.53/100g",FrozenMeat_Seafood,No Frills
Simulated Meat Burger Patties Made From Plants,8.99,"226 g, $3.98/100g",FrozenMeat_Seafood,No Frills
BBQ Pork Back Rib,11.00,"680 g, $1.62/100g",FrozenMeat_Seafood,No Frills
Sous Vide Fully Cooked Hand Cut Pork Back Ribs In Texas Style Bbq Sauce,11.00,"680 g, $1.62/100g",FrozenMeat_Seafood,No Frills
Breaded Fish Burgers,6.99,"515 g, $1.36/100g",FrozenMeat_Seafood,No Frills
Utility Frozen Turkey 9-11 Kg,40.99,"1 ea, $40.99/1ea",FrozenMeat_Seafood,No Frills
"Frozen Turkey, 5-7 Kg",38.00,"6 kg, $0.63/100g",FrozenMeat_Seafood,No Frills
"Turkey 7-9KG, Frozen",32.99,"1 ea, $32.99/1ea",FrozenMeat_Seafood,No Frills
"Honey Garlic Chicken Wings, Club Pack",21.99,"1.81 kg, $1.21/100g",FrozenMeat_Seafood,No Frills
Frozen Grade A Turkey 5-7 Kg,46.14,$7.69/1kg $3.49/1lb,FrozenMeat_Seafood,No Frills
Smoked Coho Salmon,49.99,"454 g, $11.01/100g",FrozenMeat_Seafood,No Frills
Free From Chicken Fillet,15.99,"750 g, $2.13/100g",FrozenMeat_Seafood,No Frills
Pei Mussels In Provencale Sauce,11.99,"907 g, $1.32/100g",FrozenMeat_Seafood,No Frills
Frozen Grade A Turkey 5-7 Kg,46.14,$7.69/1kg $3.49/1lb,FrozenMeat_Seafood,No Frills
Smoked Coho Salmon,34.99,"300 g, $11.66/100g",FrozenMeat_Seafood,No Frills
Buttermilk Breaded Chicken Breast Strips,20.99,"907 g, $2.31/100g",FrozenMeat_Seafood,No Frills
Chicken Breast Nuggets,12.99,"800 g, $1.62/100g",FrozenMeat_Seafood,No Frills
"Chicken Wings, Club Pack",21.99,"1.81 kg, $1.21/100g",FrozenMeat_Seafood,No Frills
Buffalo Chicken Wings,12.99,"908 g, $1.43/100g",FrozenMeat_Seafood,No Frills
Surimi Sticks     ,1.69,"125 g, $1.35/100g",FrozenMeat_Seafood,No Frills
Smoked Salmon Toast Trio,17.99,"248 g, $7.25/100g",FrozenMeat_Seafood,No Frills
Beer Battered Shrimp,11.99,"300 g, $4.00/100g",FrozenMeat_Seafood,No Frills
"Chicken Wings, Honey Garlic",12.99,"908 g, $1.43/100g",FrozenMeat_Seafood,No Frills
Kosher Chicken Breast Nuggets,25.99,"907 g, $2.87/100g",FrozenMeat_Seafood,No Frills
Buffalo Wings Spicy,17.99,"908 g, $1.98/100g",FrozenMeat_Seafood,No Frills
"Club Pack Chicken Thighs, Bone-In",17.99,"2 kg, $0.90/100g",FrozenMeat_Seafood,No Frills
Beyond Burger Plant-Based,8.29,"226 g, $3.67/100g",FrozenMeat_Seafood,No Frills
Breaded Haddock Fillets,15.99,"550 g, $2.91/100g",FrozenMeat_Seafood,No Frills
Crispy Breaded Fish Fillets,3.49,"350 g, $1.00/100g",FrozenMeat_Seafood,No Frills
Thick & Juicy Beef Burgers,27.99,"2.72 kg, $1.03/100g",FrozenMeat_Seafood,No Frills
Frozen Popcorn Chicken,12.99,"800 g, $1.62/100g",FrozenMeat_Seafood,No Frills
Free From Angus Beef Meatball,16.99,"850 g, $2.00/100g",FrozenMeat_Seafood,No Frills
Boneless Stuffed Turkey Ball Frozen,22.79,"1.5 kg, $1.52/100g",FrozenMeat_Seafood,No Frills
"Stuffed Breaded Chicken, Broccoli & Cheese (2 Pack)",4.00,"284 g, $1.41/100g",FrozenMeat_Seafood,No Frills
Oak Smoked Scottish Atlantic Salmon,11.99,"150 g, $7.99/100g",FrozenMeat_Seafood,No Frills
"Wild Pollock, English Style Batter",3.49,"350 g, $1.00/100g",FrozenMeat_Seafood,No Frills
Pei Mussels In Creamy White Wine Sauce,11.99,"907 g, $1.32/100g",FrozenMeat_Seafood,No Frills
Butter Infused Young Turkey - Frozen - 5-7 kg,38.00,1 ea,FrozenMeat_Seafood,No Frills
BBQ Chickens Bites,16.99,"710 g, $2.39/100g",FrozenMeat_Seafood,No Frills
Texas BBQ Chicken Wings,14.99,"615 g, $2.44/100g",FrozenMeat_Seafood,No Frills
Mango & Calamansi Citrus Grilling Raw Shrimp Skewers,11.99,"360 g, $3.33/100g",FrozenMeat_Seafood,No Frills
Medium Buffalo-Style Chicken Wings,15.00,"907 g, $1.65/100g",FrozenMeat_Seafood,No Frills
Carolina Gold Sauce Pork Back Ribs,12.00,"500 g, $2.40/100g",FrozenMeat_Seafood,No Frills
"Frozen Crispy Breaded, Frozen, Cod Fillets, Uncooked",17.49,"515 g, $3.40/100g",FrozenMeat_Seafood,No Frills
Catch of The Day Breaded Fish Sticks,3.49,"350 g, $1.00/100g",FrozenMeat_Seafood,No Frills
Breaded Coconut Shrimp With Sweet Chili Dipping Sauce,10.99,"454 g, $2.42/100g",FrozenMeat_Seafood,No Frills
Frozen Stuffed Turkey 5-7 Kg,43.00,"6 kg, $0.72/100g",FrozenMeat_Seafood,No Frills
Butter Infused Young Turkey - Frozen - 7-9kg,48.00,1 kg,FrozenMeat_Seafood,No Frills
Whole Breaded Popcorn Shrimp ,10.00,"800 g, $1.25/100g",FrozenMeat_Seafood,No Frills
Yuzu Citrus Chicken Breast Bites,11.99,"700 g, $1.71/100g",FrozenMeat_Seafood,No Frills
Salmon Burger,11.99,"568 g, $2.11/100g",FrozenMeat_Seafood,No Frills
"Turkey, 9-11KG Frozen",58.00,"10 kg, $0.58/100g",FrozenMeat_Seafood,No Frills
"Lemon Peppercorn Fillets, Breaded Seasoned Pollock",6.99,"500 g, $1.40/100g",FrozenMeat_Seafood,No Frills
"Burger C/Pack 20'S 5Lb, Club Pack",23.00,"2.27 kg, $1.01/100g",FrozenMeat_Seafood,No Frills
Whole Lamb Shoulder Chop,49.44,$22.02/1kg $9.99/1lb,FrozenMeat_Seafood,No Frills
Kosher Chicken Breast Cutlets,25.99,"907 g, $2.87/100g",FrozenMeat_Seafood,No Frills
"Too Good To Be Wings, Honey Garlic",14.99,"800 g, $1.87/100g",FrozenMeat_Seafood,No Frills
Kosher Chick Licious Chicken Breast Nuggets,25.99,"907 g, $2.87/100g",FrozenMeat_Seafood,No Frills
"Fully Cooked, Breaded Chicken Burgers",6.00,"908 g, $0.66/100g",FrozenMeat_Seafood,No Frills
Dry-Rubbed Sea Salt & Black Pepper Pork Back Ribs,13.99,"680 g, $2.06/100g",FrozenMeat_Seafood,No Frills
Smoked Wild Sockeye Salmon,11.99,"150 g, $7.99/100g",FrozenMeat_Seafood,No Frills
"Seasoned Chicken Balls, Fully Cooked & Battered",10.00,"1.13 kg, $0.88/100g",FrozenMeat_Seafood,No Frills
Kosher Chick Licious Chicken Breast Nuggets,25.99,"907 g, $2.87/100g",FrozenMeat_Seafood,No Frills
"Chicken Nuggets, Club Pack",10.99,"1.4 kg, $0.79/100g",FrozenMeat_Seafood,No Frills
Supreme Crunch Halal Spicy Chicken Burgers,12.99,"600 g, $2.17/100g",FrozenMeat_Seafood,No Frills
"Beef Burgers, Frozen",9.99,"450 g, $2.22/100g",FrozenMeat_Seafood,No Frills
"Raw Wild Shrimp, Easy Peel",9.99,"300 g, $3.33/100g",FrozenMeat_Seafood,No Frills
Salad Shrimp,9.99,"454 g, $2.20/100g",FrozenMeat_Seafood,No Frills
Breaded Fish Strips Value Pack 55 or More Strips,10.49,"900 g, $1.17/100g",FrozenMeat_Seafood,No Frills
Kosher Mini Beef Burgers,21.99,"907 g, $2.42/100g",FrozenMeat_Seafood,No Frills
"Chicken Wings, Mild BBQ",12.99,"908 g, $1.43/100g",FrozenMeat_Seafood,No Frills
Lamb Shoulder Chops,20.91,$28.64/1kg $12.99/1lb,FrozenMeat_Seafood,No Frills
"Frozen Grade A Turkey, Whole Over 11 Kg",79.08,$6.59/1kg $2.99/1lb,FrozenMeat_Seafood,No Frills
Halal Beef Burgers,16.99,"907 g, $1.87/100g",FrozenMeat_Seafood,No Frills
Easy Carve Turkey with Traditional Cranberry Stuffing,57.99,"3.85 kg, $1.51/100g",FrozenMeat_Seafood,No Frills
Frozen Grade A Turkey 3-5 Kg,30.76,$7.69/1kg $3.49/1lb,FrozenMeat_Seafood,No Frills
Candied Maple Salmon,9.29,"150 g, $6.19/100g",FrozenMeat_Seafood,No Frills
"Butter-Infused Stuffed Young Turkey 7-9 KG, Frozen",116.00,$7.25/1kg,FrozenMeat_Seafood,No Frills
"Pan Sear Selects Cod, Savoury Herb",17.49,"540 g, $3.24/100g",FrozenMeat_Seafood,No Frills
Breaded Wild Cod Fillets,15.99,"600 g, $2.67/100g",FrozenMeat_Seafood,No Frills
"English Style Battered Haddock Fillets, Uncooked",17.49,"425 g, $4.12/100g",FrozenMeat_Seafood,No Frills
Alaska Wild Pollock Fish Wings Buffalo Wings Seasoning,11.99,"454 g, $2.64/100g",FrozenMeat_Seafood,No Frills
Halal Stuffed Chicken Mozzarella,10.00,"568 g, $1.76/100g",FrozenMeat_Seafood,No Frills
Buttery Buffalo Chicken Wings,14.99,"615 g, $2.44/100g",FrozenMeat_Seafood,No Frills
Chicken Kyiv Breaded Boneless Seasoned Filled Chicken Breasts,18.99,"560 g, $3.39/100g",FrozenMeat_Seafood,No Frills
Sous Vide Fully Cooked Pork Back Ribs In Honey & Garlic Bbq Sauce,11.00,"680 g, $1.62/100g",FrozenMeat_Seafood,No Frills
Pub Style Turkey Nuggets,10.99,"600 g, $1.83/100g",FrozenMeat_Seafood,No Frills
"Butter Infused Stuffed Turkey  5-7 Kg, Frozen",43.00,1 kg,FrozenMeat_Seafood,No Frills
Honey Garlic Chicken Wings,15.00,"907 g, $1.65/100g",FrozenMeat_Seafood,No Frills
Thick & Juicy Turkey Burgers,14.00,"1.13 kg, $1.24/100g",FrozenMeat_Seafood,No Frills
Breaded Fish Nuggets Value Pack,10.49,"900 g, $1.17/100g",FrozenMeat_Seafood,No Frills
Breaded Chicken Breast Fillets Spicy Buttermilk Medium 17 Pieces Minimum,20.99,"907 g, $2.31/100g",FrozenMeat_Seafood,No Frills
"Italian Style Beef Meatballs,",16.99,"907 g, $1.87/100g",FrozenMeat_Seafood,No Frills
Crispy Southern Style Chicken,18.99,"1 kg, $1.90/100g",FrozenMeat_Seafood,No Frills
Free From Australian Lamb Shanks,23.79,$20.92/1kg $9.49/1lb,FrozenMeat_Seafood,No Frills
Angus Beef Meatballs,16.99,"907 g, $1.87/100g",FrozenMeat_Seafood,No Frills
Halal Frozen Turkey,44.48,$8.36/1kg $3.79/1lb,FrozenMeat_Seafood,No Frills
"Tuna Sashimi, Frozen",7.99,"100 g, $7.99/100g",FrozenMeat_Seafood,No Frills
Salt & Pepper Chicken Wings,12.99,"908 g, $1.43/100g",FrozenMeat_Seafood,No Frills
Kosher Teddy Bites Chicken Breast Nuggets,25.99,"907 g, $28.65/1kg $2.87/100g",FrozenMeat_Seafood,No Frills
Scottish Haddock Fillets,15.99,"600 g, $2.67/100g",FrozenMeat_Seafood,No Frills
"Chicken Wings, Medium BBQ",12.99,"908 g, $1.43/100g",FrozenMeat_Seafood,No Frills
Everything Seasoned Smoked Steelhead Salmon,9.99,"150 g, $6.66/100g",FrozenMeat_Seafood,No Frills
"Whole Turkey, Frozen",63.62,$13.21/1kg $5.99/1lb,FrozenMeat_Seafood,No Frills
Beef Meatballs,9.99,"680 g, $1.47/100g",FrozenMeat_Seafood,No Frills
"Butter-Infused Stuffed Turkey Crown, Frozen",38.99,"3 kg, $1.30/100g",FrozenMeat_Seafood,No Frills
"Frozen Utility Turkey, 5-7kg",41.45,$6.59/1kg $2.99/1lb,FrozenMeat_Seafood,No Frills
Supreme Crunch Halal Spicy Chicken Drumsticks,11.99,"720 g, $1.67/100g",FrozenMeat_Seafood,No Frills
"Boneless Turkey Breast Roast, Frozen ",24.99,"1.5 kg, $1.67/100g",FrozenMeat_Seafood,No Frills
"Pork Back Ribs, Honey Garlic",14.99,"600 g, $2.50/100g",FrozenMeat_Seafood,No Frills
"Turkey Breast Roast with Traditional Cranberry Stuffing, Frozen",18.99,"1 kg, $1.90/100g",FrozenMeat_Seafood,No Frills
Italian Beef Meatballs,16.99,"907 g, $1.87/100g",FrozenMeat_Seafood,No Frills
Shrimp Ring,6.99,"227 g, $3.08/100g",FrozenMeat_Seafood,No Frills
Breaded Squid Rings,10.00,"908 g, $1.10/100g",FrozenMeat_Seafood,No Frills
Frozen Grade A Turkey 9-11 Kg,76.90,$7.69/1kg $3.49/1lb,FrozenMeat_Seafood,No Frills
Maryland Crab Cakes,8.99,"170 g, $5.29/100g",FrozenMeat_Seafood,No Frills
Kosher Dinosaur Shape Chicken Breast Cutlets,25.99,"907 g, $2.87/100g",FrozenMeat_Seafood,No Frills
"Pan Sear Selects Salmon, Mediterranean",17.49,"540 g, $3.24/100g",FrozenMeat_Seafood,No Frills
"Pan Sear Selects Sole, Lemon Pepper",17.49,"540 g, $3.24/100g",FrozenMeat_Seafood,No Frills
"Southern Style, Frozen, Seasoned Flour Coated Cod, Uncooked",17.49,"515 g, $3.40/100g",FrozenMeat_Seafood,No Frills
"Crispy, Breaded, Frozen Haddock Fillets, Uncooked",17.49,"425 g, $4.12/100g",FrozenMeat_Seafood,No Frills
Seafood Bake Tray Garlic Herb ,15.99,"700 g, $2.28/100g",FrozenMeat_Seafood,No Frills
"Frozen Turkey, 3-5 Kg",28.00,"4 kg, $0.70/100g",FrozenMeat_Seafood,No Frills
"Butter Infused Young Turkey, Frozen  9-11kg",58.00,1 ea,FrozenMeat_Seafood,No Frills
Beef Burgers,14.00,"678 g, $2.06/100g",FrozenMeat_Seafood,No Frills
Honey Garlic Wings,14.99,"615 g, $2.44/100g",FrozenMeat_Seafood,No Frills
Turkey Strips,10.99,"600 g, $1.83/100g",FrozenMeat_Seafood,No Frills
Salt & Cracked Pepper Chicken Wings,14.99,"615 g, $2.44/100g",FrozenMeat_Seafood,No Frills
Free From Australian Lamb Spiedini 24 Skewers,26.99,"480 g, $5.62/100g",FrozenMeat_Seafood,No Frills
Umami Wagyu Burgers,10.99,"568 g, $1.93/100g",FrozenMeat_Seafood,No Frills
Crunchy Breaded Haddock Fish Sticks,6.79,"350 g, $1.94/100g",FrozenMeat_Seafood,No Frills
Shrimp Burger,11.99,"452 g, $2.65/100g",FrozenMeat_Seafood,No Frills
Gochujang Sweet & Spicy Chicken Bites,11.99,"700 g, $1.71/100g",FrozenMeat_Seafood,No Frills
Seafood Mix,10.00,"800 g, $1.25/100g",FrozenMeat_Seafood,No Frills
Frozen Stuffed Turkey 7-9 Kg,53.00,"8 kg, $0.66/100g",FrozenMeat_Seafood,No Frills
Smoked Atlantic Salmon,12.99,"150 g, $8.66/100g",FrozenMeat_Seafood,No Frills
Sweet & Smoky Barbecue Butterflied Black Tiger Shrimp ,15.00,"360 g, $4.17/100g",FrozenMeat_Seafood,No Frills
